<?xml version="1.0" encoding="UTF-8"?>
<!DOCTYPE html PUBLIC "-//W3C//DTD XHTML 1.0 Transitional//EN"
    "http://www.w3.org/TR/xhtml1/DTD/xhtml1-transitional.dtd">
<html xmlns="http://www.w3.org/1999/xhtml" xml:lang="en" lang="en">
 <head>
  <title>
</title>
<meta http-equiv="Content-Type" content="text/html;charset=utf-8" />
  <meta name='ocr-system' content='tesseract 3.04.00' />
  <meta name='ocr-capabilities' content='ocr_page ocr_carea ocr_par ocr_line ocrx_word'/>
</head>
<body>
  <div class='ocr_page' id='page_1' title='image "./selectionsfromo00whitgoog_0034.png"; bbox 0 0 1964 3158; ppageno 0'>
   <div class='ocr_carea' id='block_1_1' title="bbox 262 207 860 272">
    <p class='ocr_par' dir='ltr' id='par_1_1' title="bbox 262 207 860 272">
     <span class='ocr_line' id='line_1_1' title="bbox 262 207 860 272; baseline 0 -12"><span class='ocrx_word' id='word_1_1' title='bbox 262 207 464 272; x_wconf 52' lang='lat' dir='ltr'><em>ARJADNE,</em></span> <span class='ocrx_word' id='word_1_2' title='bbox 483 207 655 263; x_wconf 86' lang='lat' dir='ltr'><em>THESEO.</em></span> <span class='ocrx_word' id='word_1_3' title='bbox 829 222 860 260; x_wconf 88' lang='lat'>21</span> 
     </span>
    </p>
   </div>
   <div class='ocr_carea' id='block_1_2' title="bbox 273 397 651 450">
    <p class='ocr_par' dir='ltr' id='par_1_2' title="bbox 273 397 651 450">
     <span class='ocr_line' id='line_1_2' title="bbox 273 397 651 450; baseline 0.005 -2"><span class='ocrx_word' id='word_1_4' title='bbox 273 397 459 450; x_wconf 83' lang='lat' dir='ltr'>ARIADNE</span> <span class='ocrx_word' id='word_1_5' title='bbox 480 397 651 450; x_wconf 89' lang='lat' dir='ltr'>THESEO.</span> 
     </span>
    </p>
   </div>
   <div class='ocr_carea' id='block_1_3' title="bbox 61 513 866 2890">
    <p class='ocr_par' dir='ltr' id='par_1_3' title="bbox 61 513 866 2890">
     <span class='ocr_line' id='line_1_3' title="bbox 62 513 769 584; baseline 0.003 -16"><span class='ocrx_word' id='word_1_6' title='bbox 62 515 161 569; x_wconf 90' lang='lat' dir='ltr'>Mitius</span> <span class='ocrx_word' id='word_1_7' title='bbox 175 513 275 578; x_wconf 87' lang='lat' dir='ltr'>inveni,</span> <span class='ocrx_word' id='word_1_8' title='bbox 290 513 374 584; x_wconf 78' lang='lat' dir='ltr'>qulrn</span> <span class='ocrx_word' id='word_1_9' title='bbox 387 525 423 581; x_wconf 89' lang='lat' dir='ltr'>te,</span> <span class='ocrx_word' id='word_1_10' title='bbox 436 531 523 582; x_wconf 86' lang='lat' dir='ltr'>genus</span> <span class='ocrx_word' id='word_1_11' title='bbox 537 532 620 569; x_wconf 89' lang='lat' dir='ltr'>omne</span> <span class='ocrx_word' id='word_1_12' title='bbox 632 514 769 570; x_wconf 86' lang='lat' dir='ltr'>ferarum:</span> 
     </span>
     <span class='ocr_line' id='line_1_4' title="bbox 99 595 710 666; baseline 0.002 -16"><span class='ocrx_word' id='word_1_13' title='bbox 99 598 213 651; x_wconf 86' lang='lat' dir='ltr'>Credita</span> <span class='ocrx_word' id='word_1_14' title='bbox 225 613 281 649; x_wconf 90' lang='lat' dir='ltr'>nou</span> <span class='ocrx_word' id='word_1_15' title='bbox 295 597 351 662; x_wconf 90' lang='lat' dir='ltr'>ulli,</span> <span class='ocrx_word' id='word_1_16' title='bbox 365 595 449 666; x_wconf 68' lang='lat' dir='ltr'>quam</span> <span class='ocrx_word' id='word_1_17' title='bbox 463 598 522 664; x_wconf 93' lang='lat' dir='ltr'>tibi,</span> <span class='ocrx_word' id='word_1_18' title='bbox 535 598 613 666; x_wconf 92' lang='lat' dir='ltr'>pejus</span> <span class='ocrx_word' id='word_1_19' title='bbox 627 615 710 651; x_wconf 91' lang='lat' dir='ltr'>eram.</span> 
     </span>
     <span class='ocr_line' id='line_1_5' title="bbox 62 679 730 748; baseline -0.001 -14"><span class='ocrx_word' id='word_1_20' title='bbox 62 682 134 748; x_wconf 82' lang='lat' dir='ltr'>Quae</span> <span class='ocrx_word' id='word_1_21' title='bbox 146 680 224 748; x_wconf 86' lang='lat' dir='ltr'>legis,</span> <span class='ocrx_word' id='word_1_22' title='bbox 237 696 270 732; x_wconf 89' lang='lat' dir='ltr'>ex</span> <span class='ocrx_word' id='word_1_23' title='bbox 283 679 339 745; x_wconf 90' lang='lat' dir='ltr'>ill0,</span> <span class='ocrx_word' id='word_1_24' title='bbox 351 679 471 744; x_wconf 87' lang='lat' dir='ltr'>Theseu,</span> <span class='ocrx_word' id='word_1_25' title='bbox 485 680 535 732; x_wconf 92' lang='lat' dir='ltr'>tibi</span> <span class='ocrx_word' id='word_1_26' title='bbox 548 681 629 733; x_wconf 89' lang='lat' dir='ltr'>litore</span> <span class='ocrx_word' id='word_1_27' title='bbox 640 680 730 747; x_wconf 88' lang='lat' dir='ltr'>mitto,</span> 
     </span>
     <span class='ocr_line' id='line_1_6' title="bbox 99 760 699 816; baseline -0.002 0"><span class='ocrx_word' id='word_1_28' title='bbox 99 761 184 816; x_wconf 84' lang='lat' dir='ltr'>Unde</span> <span class='ocrx_word' id='word_1_29' title='bbox 196 770 273 815; x_wconf 88' lang='lat' dir='ltr'>tuam</span> <span class='ocrx_word' id='word_1_30' title='bbox 287 761 346 812; x_wconf 91' lang='lat' dir='ltr'>sine</span> <span class='ocrx_word' id='word_1_31' title='bbox 359 776 404 812; x_wconf 88' lang='lat' dir='ltr'>me</span> <span class='ocrx_word' id='word_1_32' title='bbox 417 762 479 814; x_wconf 88' lang='lat' dir='ltr'>vela</span> <span class='ocrx_word' id='word_1_33' title='bbox 492 760 579 815; x_wconf 90' lang='lat' dir='ltr'>tulere</span> <span class='ocrx_word' id='word_1_34' title='bbox 591 771 699 815; x_wconf 86' lang='lat' dir='ltr'>ratem:</span> 
     </span>
     <span class='ocr_line' id='line_1_7' title="bbox 63 842 864 913; baseline 0.001 -16"><span class='ocrx_word' id='word_1_35' title='bbox 63 845 97 897; x_wconf 92' lang='lat' dir='ltr'>ln</span> <span class='ocrx_word' id='word_1_36' title='bbox 111 860 166 913; x_wconf 92' lang='lat' dir='ltr'>quo</span> <span class='ocrx_word' id='word_1_37' title='bbox 179 859 225 895; x_wconf 89' lang='lat' dir='ltr'>me</span> <span class='ocrx_word' id='word_1_38' title='bbox 239 858 410 912; x_wconf 88' lang='lat' dir='ltr'>somnusque</span> <span class='ocrx_word' id='word_1_39' title='bbox 423 859 502 896; x_wconf 90' lang='lat' dir='ltr'>meus</span> <span class='ocrx_word' id='word_1_40' title='bbox 515 842 588 898; x_wconf 73' lang='lat' dir='ltr'>male</span> <span class='ocrx_word' id='word_1_41' title='bbox 600 842 730 911; x_wconf 88' lang='lat' dir='ltr'>prodidit,</span> <span class='ocrx_word' id='word_1_42' title='bbox 743 855 771 898; x_wconf 88' lang='lat' dir='ltr'>et</span> <span class='ocrx_word' id='word_1_43' title='bbox 784 854 822 912; x_wconf 84' lang='lat' dir='ltr'>tu,</span> <span class='ocrx_word' id='word_1_44' title='bbox 850 855 864 911; x_wconf 82' lang='lat'>5</span> 
     </span>
     <span class='ocr_line' id='line_1_8' title="bbox 99 924 623 980; baseline 0.004 -2"><span class='ocrx_word' id='word_1_45' title='bbox 99 927 151 978; x_wconf 91' lang='lat' dir='ltr'>Per</span> <span class='ocrx_word' id='word_1_46' title='bbox 162 925 270 978; x_wconf 81' lang='lat' dir='ltr'>lacinus</span> <span class='ocrx_word' id='word_1_47' title='bbox 283 924 390 978; x_wconf 91' lang='lat' dir='ltr'>somnis</span> <span class='ocrx_word' id='word_1_48' title='bbox 403 924 533 978; x_wconf 90' lang='lat' dir='ltr'>insidiate</span> <span class='ocrx_word' id='word_1_49' title='bbox 545 926 623 980; x_wconf 88' lang='lat' dir='ltr'>meis.</span> 
     </span>
     <span class='ocr_line' id='line_1_9' title="bbox 61 1004 767 1077; baseline -0.001 -17"><span class='ocrx_word' id='word_1_50' title='bbox 61 1010 186 1077; x_wconf 88' lang='lat' dir='ltr'>Tempus</span> <span class='ocrx_word' id='word_1_51' title='bbox 200 1015 267 1073; x_wconf 89' lang='lat' dir='ltr'>erat,</span> <span class='ocrx_word' id='word_1_52' title='bbox 280 1007 367 1060; x_wconf 77' lang='lat' dir='ltr'>vitrea</span> <span class='ocrx_word' id='word_1_53' title='bbox 380 1023 436 1076; x_wconf 91' lang='lat' dir='ltr'>quo</span> <span class='ocrx_word' id='word_1_54' title='bbox 448 1004 571 1075; x_wconf 84' lang='lat' dir='ltr'>primiun</span> <span class='ocrx_word' id='word_1_55' title='bbox 584 1018 657 1062; x_wconf 89' lang='lat' dir='ltr'>terra</span> <span class='ocrx_word' id='word_1_56' title='bbox 668 1009 767 1076; x_wconf 76' lang='lat' dir='ltr'>pruina</span> 
     </span>
     <span class='ocr_line' id='line_1_10' title="bbox 98 1089 758 1158; baseline 0.003 -16"><span class='ocrx_word' id='word_1_57' title='bbox 98 1089 251 1158; x_wconf 83' lang='lat' dir='ltr'>Spargitur,</span> <span class='ocrx_word' id='word_1_58' title='bbox 265 1097 292 1141; x_wconf 90' lang='lat' dir='ltr'>et</span> <span class='ocrx_word' id='word_1_59' title='bbox 305 1097 387 1141; x_wconf 85' lang='lat' dir='ltr'>tectae</span> <span class='ocrx_word' id='word_1_60' title='bbox 399 1089 497 1142; x_wconf 79' lang='lat' dir='ltr'>fronde</span> <span class='ocrx_word' id='word_1_61' title='bbox 510 1098 661 1158; x_wconf 89' lang='lat' dir='ltr'>queruntur</span> <span class='ocrx_word' id='word_1_62' title='bbox 674 1107 739 1144; x_wconf 90' lang='lat' dir='ltr'>aves</span> <span class='ocrx_word' id='word_1_63' title='bbox 752 1108 758 1143; x_wconf 94' lang='lat'><strong>:</strong></span> 
     </span>
     <span class='ocr_line' id='line_1_11' title="bbox 63 1169 730 1240; baseline -0.001 -15"><span class='ocrx_word' id='word_1_64' title='bbox 63 1169 206 1226; x_wconf 75' lang='lat' dir='ltr'>Incertum</span> <span class='ocrx_word' id='word_1_65' title='bbox 218 1171 345 1239; x_wconf 85' lang='lat' dir='ltr'>vigilans,</span> <span class='ocrx_word' id='word_1_66' title='bbox 359 1189 377 1223; x_wconf 90' lang='lat' dir='ltr'>a</span> <span class='ocrx_word' id='word_1_67' title='bbox 389 1187 488 1225; x_wconf 89' lang='lat' dir='ltr'>somno</span> <span class='ocrx_word' id='word_1_68' title='bbox 501 1171 642 1240; x_wconf 86' lang='lat' dir='ltr'>languida,</span> <span class='ocrx_word' id='word_1_69' title='bbox 655 1173 730 1226; x_wconf 90' lang='lat' dir='ltr'>movi</span> 
     </span>
     <span class='ocr_line' id='line_1_12' title="bbox 98 1253 865 1323; baseline 0.003 -17"><span class='ocrx_word' id='word_1_70' title='bbox 98 1254 208 1308; x_wconf 87' lang='lat' dir='ltr'>Thesea</span> <span class='ocrx_word' id='word_1_71' title='bbox 220 1269 368 1322; x_wconf 87' lang='lat' dir='ltr'>prensuras</span> <span class='ocrx_word' id='word_1_72' title='bbox 381 1253 552 1323; x_wconf 83' lang='lat' dir='ltr'>semisupina</span> <span class='ocrx_word' id='word_1_73' title='bbox 564 1261 671 1310; x_wconf 83' lang='lat' dir='ltr'>manus.</span> <span class='ocrx_word' id='word_1_74' title='bbox 833 1272 865 1310; x_wconf 91' lang='lat'>10</span> 
     </span>
     <span class='ocr_line' id='line_1_13' title="bbox 62 1335 845 1407; baseline 0.001 -18"><span class='ocrx_word' id='word_1_75' title='bbox 62 1338 165 1391; x_wconf 91' lang='lat' dir='ltr'>Nullus</span> <span class='ocrx_word' id='word_1_76' title='bbox 177 1345 236 1390; x_wconf 88' lang='lat' dir='ltr'>erat</span> <span class='ocrx_word' id='word_1_77' title='bbox 251 1354 256 1389; x_wconf 92' lang='lat'>:</span> <span class='ocrx_word' id='word_1_78' title='bbox 275 1335 419 1404; x_wconf 84' lang='lat' dir='ltr'>referoque</span> <span class='ocrx_word' id='word_1_79' title='bbox 431 1342 540 1403; x_wconf 80' lang='lat' dir='ltr'>manus,</span> <span class='ocrx_word' id='word_1_80' title='bbox 554 1337 707 1407; x_wconf 85' lang='lat' dir='ltr'>iterumque</span> <span class='ocrx_word' id='word_1_81' title='bbox 720 1348 826 1392; x_wconf 88' lang='lat' dir='ltr'>retento</span> <span class='ocrx_word' id='word_1_82' title='bbox 839 1359 845 1404; x_wconf 88' lang='lat'><strong>;</strong></span> 
     </span>
     <span class='ocr_line' id='line_1_14' title="bbox 99 1417 758 1488; baseline 0.002 -16"><span class='ocrx_word' id='word_1_83' title='bbox 99 1421 205 1488; x_wconf 88' lang='lat' dir='ltr'>Perque</span> <span class='ocrx_word' id='word_1_84' title='bbox 219 1428 310 1472; x_wconf 90' lang='lat' dir='ltr'>torum</span> <span class='ocrx_word' id='word_1_85' title='bbox 323 1434 421 1470; x_wconf 90' lang='lat' dir='ltr'>moveo</span> <span class='ocrx_word' id='word_1_86' title='bbox 434 1417 550 1471; x_wconf 87' lang='lat' dir='ltr'>brachia</span> <span class='ocrx_word' id='word_1_87' title='bbox 561 1439 568 1484; x_wconf 91' lang='lat'>;</span> <span class='ocrx_word' id='word_1_88' title='bbox 587 1419 679 1473; x_wconf 91' lang='lat' dir='ltr'>nullus</span> <span class='ocrx_word' id='word_1_89' title='bbox 691 1430 758 1473; x_wconf 90' lang='lat' dir='ltr'>erat.</span> 
     </span>
     <span class='ocr_line' id='line_1_15' title="bbox 62 1502 770 1570; baseline 0 -16"><span class='ocrx_word' id='word_1_90' title='bbox 62 1503 217 1556; x_wconf 88' lang='lat' dir='ltr'>Excussere</span> <span class='ocrx_word' id='word_1_91' title='bbox 232 1507 322 1554; x_wconf 79' lang='lat' dir='ltr'>metus</span> <span class='ocrx_word' id='word_1_92' title='bbox 337 1515 466 1553; x_wconf 91' lang='lat' dir='ltr'>somnum</span> <span class='ocrx_word' id='word_1_93' title='bbox 480 1521 486 1565; x_wconf 92' lang='lat'>;</span> <span class='ocrx_word' id='word_1_94' title='bbox 507 1502 655 1555; x_wconf 87' lang='lat' dir='ltr'>conterrita</span> <span class='ocrx_word' id='word_1_95' title='bbox 669 1519 750 1570; x_wconf 87' lang='lat' dir='ltr'>surgo</span> <span class='ocrx_word' id='word_1_96' title='bbox 764 1522 770 1567; x_wconf 88' lang='lat'>;</span> 
     </span>
     <span class='ocr_line' id='line_1_16' title="bbox 99 1582 723 1653; baseline 0 -15"><span class='ocrx_word' id='word_1_97' title='bbox 99 1585 282 1653; x_wconf 87' lang='lat' dir='ltr'>Membraque</span> <span class='ocrx_word' id='word_1_98' title='bbox 296 1591 360 1636; x_wconf 91' lang='lat' dir='ltr'>sunt</span> <span class='ocrx_word' id='word_1_99' title='bbox 373 1582 457 1636; x_wconf 90' lang='lat' dir='ltr'>viduo</span> <span class='ocrx_word' id='word_1_100' title='bbox 470 1584 643 1653; x_wconf 86' lang='lat' dir='ltr'>praecipitata</span> <span class='ocrx_word' id='word_1_101' title='bbox 655 1595 723 1638; x_wconf 87' lang='lat' dir='ltr'>toro.</span> 
     </span>
     <span class='ocr_line' id='line_1_17' title="bbox 62 1665 864 1736; baseline -0.001 -15"><span class='ocrx_word' id='word_1_102' title='bbox 62 1665 193 1721; x_wconf 76' lang='lat' dir='ltr'>Protinirs</span> <span class='ocrx_word' id='word_1_103' title='bbox 206 1665 326 1719; x_wconf 87' lang='lat' dir='ltr'>addictis</span> <span class='ocrx_word' id='word_1_104' title='bbox 341 1675 491 1718; x_wconf 90' lang='lat' dir='ltr'>sonuerunt</span> <span class='ocrx_word' id='word_1_105' title='bbox 503 1675 617 1735; x_wconf 85' lang='lat' dir='ltr'>pectora</span> <span class='ocrx_word' id='word_1_106' title='bbox 629 1667 729 1735; x_wconf 89' lang='lat' dir='ltr'>palmis</span> <span class='ocrx_word' id='word_1_107' title='bbox 742 1687 749 1733; x_wconf 85' lang='lat'>;</span> <span class='ocrx_word' id='word_1_108' title='bbox 834 1680 864 1736; x_wconf 79' lang='lat'>15</span> 
     </span>
     <span class='ocr_line' id='line_1_18' title="bbox 99 1747 790 1819; baseline -0.004 -15"><span class='ocrx_word' id='word_1_109' title='bbox 99 1751 194 1819; x_wconf 90' lang='lat' dir='ltr'>thue</span> <span class='ocrx_word' id='word_1_110' title='bbox 208 1757 267 1800; x_wconf 90' lang='lat' dir='ltr'>erat</span> <span class='ocrx_word' id='word_1_111' title='bbox 280 1763 295 1800; x_wconf 89' lang='lat' dir='ltr'>e</span> <span class='ocrx_word' id='word_1_112' title='bbox 309 1763 408 1800; x_wconf 90' lang='lat' dir='ltr'>somno</span> <span class='ocrx_word' id='word_1_113' title='bbox 421 1747 541 1814; x_wconf 89' lang='lat' dir='ltr'>turbida,</span> <span class='ocrx_word' id='word_1_114' title='bbox 554 1757 635 1816; x_wconf 89' lang='lat' dir='ltr'>rupta</span> <span class='ocrx_word' id='word_1_115' title='bbox 647 1764 729 1801; x_wconf 89' lang='lat' dir='ltr'>coma</span> <span class='ocrx_word' id='word_1_116' title='bbox 741 1760 790 1802; x_wconf 91' lang='lat' dir='ltr'>est.</span> 
     </span>
     <span class='ocr_line' id='line_1_19' title="bbox 67 1829 776 1904; baseline 0 -20"><span class='ocrx_word' id='word_1_117' title='bbox 67 1833 147 1886; x_wconf 91' lang='lat' dir='ltr'>Luna</span> <span class='ocrx_word' id='word_1_118' title='bbox 159 1833 226 1888; x_wconf 85' lang='lat' dir='ltr'>fuit:</span> <span class='ocrx_word' id='word_1_119' title='bbox 246 1842 352 1904; x_wconf 85' lang='lat' dir='ltr'>specto,</span> <span class='ocrx_word' id='word_1_120' title='bbox 366 1832 390 1884; x_wconf 93' lang='lat' dir='ltr'>si</span> <span class='ocrx_word' id='word_1_121' title='bbox 403 1831 471 1900; x_wconf 90' lang='lat' dir='ltr'>quid</span> <span class='ocrx_word' id='word_1_122' title='bbox 484 1830 538 1883; x_wconf 89' lang='lat' dir='ltr'>nisi</span> <span class='ocrx_word' id='word_1_123' title='bbox 550 1829 632 1883; x_wconf 87' lang='lat' dir='ltr'>litora</span> <span class='ocrx_word' id='word_1_124' title='bbox 643 1845 757 1884; x_wconf 89' lang='lat' dir='ltr'>cernam</span> <span class='ocrx_word' id='word_1_125' title='bbox 769 1849 776 1895; x_wconf 85' lang='lat'>;</span> 
     </span>
     <span class='ocr_line' id='line_1_20' title="bbox 99 1912 742 1984; baseline -0.002 -16"><span class='ocrx_word' id='word_1_126' title='bbox 99 1917 181 1984; x_wconf 84' lang='lat' dir='ltr'>Quod</span> <span class='ocrx_word' id='word_1_127' title='bbox 194 1917 315 1983; x_wconf 89' lang='lat' dir='ltr'>videant,</span> <span class='ocrx_word' id='word_1_128' title='bbox 330 1915 402 1969; x_wconf 90' lang='lat' dir='ltr'>oculi</span> <span class='ocrx_word' id='word_1_129' title='bbox 416 1914 463 1979; x_wconf 90' lang='lat' dir='ltr'>nil,</span> <span class='ocrx_word' id='word_1_130' title='bbox 476 1912 530 1967; x_wconf 90' lang='lat' dir='ltr'>nisi</span> <span class='ocrx_word' id='word_1_131' title='bbox 541 1912 615 1979; x_wconf 82' lang='lat' dir='ltr'>litus,</span> <span class='ocrx_word' id='word_1_132' title='bbox 628 1913 742 1967; x_wconf 86' lang='lat' dir='ltr'>habent.</span> 
     </span>
     <span class='ocr_line' id='line_1_21' title="bbox 67 1996 866 2066; baseline -0.003 -17"><span class='ocrx_word' id='word_1_133' title='bbox 67 1998 152 2051; x_wconf 90' lang='lat' dir='ltr'>Nunc</span> <span class='ocrx_word' id='word_1_134' title='bbox 164 1999 227 2066; x_wconf 89' lang='lat' dir='ltr'>huc,</span> <span class='ocrx_word' id='word_1_135' title='bbox 240 2017 314 2053; x_wconf 93' lang='lat' dir='ltr'>nunc</span> <span class='ocrx_word' id='word_1_136' title='bbox 329 1998 402 2066; x_wconf 90' lang='lat' dir='ltr'>illuc,</span> <span class='ocrx_word' id='word_1_137' title='bbox 415 2008 444 2052; x_wconf 90' lang='lat' dir='ltr'>et</span> <span class='ocrx_word' id='word_1_138' title='bbox 456 2008 572 2066; x_wconf 90' lang='lat' dir='ltr'>utroque</span> <span class='ocrx_word' id='word_1_139' title='bbox 585 1996 644 2050; x_wconf 91' lang='lat' dir='ltr'>sine</span> <span class='ocrx_word' id='word_1_140' title='bbox 660 1996 756 2048; x_wconf 90' lang='lat' dir='ltr'>ordine</span> <span class='ocrx_word' id='word_1_141' title='bbox 769 2013 866 2050; x_wconf 88' lang='lat' dir='ltr'>curro:</span> 
     </span>
     <span class='ocr_line' id='line_1_22' title="bbox 98 2079 866 2150; baseline -0.004 -18"><span class='ocrx_word' id='word_1_142' title='bbox 98 2080 165 2134; x_wconf 90' lang='lat' dir='ltr'>Alta</span> <span class='ocrx_word' id='word_1_143' title='bbox 176 2081 312 2150; x_wconf 85' lang='lat' dir='ltr'>puellares</span> <span class='ocrx_word' id='word_1_144' title='bbox 327 2082 420 2135; x_wconf 89' lang='lat' dir='ltr'>tardat</span> <span class='ocrx_word' id='word_1_145' title='bbox 432 2096 519 2134; x_wconf 86' lang='lat' dir='ltr'>arena</span> <span class='ocrx_word' id='word_1_146' title='bbox 530 2079 625 2148; x_wconf 85' lang='lat' dir='ltr'>pedes.</span> <span class='ocrx_word' id='word_1_147' title='bbox 833 2093 866 2129; x_wconf 83' lang='lat'>20</span> 
     </span>
     <span class='ocr_line' id='line_1_23' title="bbox 66 2163 643 2217; baseline 0.002 -3"><span class='ocrx_word' id='word_1_148' title='bbox 66 2165 175 2216; x_wconf 88' lang='lat' dir='ltr'>Interea</span> <span class='ocrx_word' id='word_1_149' title='bbox 187 2173 246 2217; x_wconf 92' lang='lat' dir='ltr'>toto</span> <span class='ocrx_word' id='word_1_150' title='bbox 258 2163 390 2216; x_wconf 89' lang='lat' dir='ltr'>clamanti</span> <span class='ocrx_word' id='word_1_151' title='bbox 404 2163 482 2216; x_wconf 87' lang='lat' dir='ltr'>litore</span> <span class='ocrx_word' id='word_1_152' title='bbox 496 2163 623 2215; x_wconf 79' lang='lat' dir='ltr'>THESEU</span> <span class='ocrx_word' id='word_1_153' title='bbox 637 2165 643 2215; x_wconf 80' lang='lat' dir='ltr'>l</span> 
     </span>
     <span class='ocr_line' id='line_1_24' title="bbox 100 2245 712 2300; baseline 0 -3"><span class='ocrx_word' id='word_1_154' title='bbox 100 2245 266 2299; x_wconf 89' lang='lat' dir='ltr'>Reddebant</span> <span class='ocrx_word' id='word_1_155' title='bbox 280 2263 382 2300; x_wconf 90' lang='lat' dir='ltr'>nomen</span> <span class='ocrx_word' id='word_1_156' title='bbox 399 2261 523 2299; x_wconf 91' lang='lat' dir='ltr'>concava</span> <span class='ocrx_word' id='word_1_157' title='bbox 536 2261 603 2296; x_wconf 86' lang='lat' dir='ltr'>saxa</span> <span class='ocrx_word' id='word_1_158' title='bbox 615 2255 693 2298; x_wconf 90' lang='lat' dir='ltr'>tuum</span> <span class='ocrx_word' id='word_1_159' title='bbox 707 2263 712 2297; x_wconf 92' lang='lat'>:</span> 
     </span>
     <span class='ocr_line' id='line_1_25' title="bbox 65 2325 748 2397; baseline -0.003 -18"><span class='ocrx_word' id='word_1_160' title='bbox 65 2327 103 2380; x_wconf 90' lang='lat' dir='ltr'>Et</span> <span class='ocrx_word' id='word_1_161' title='bbox 116 2328 224 2395; x_wconf 87' lang='lat' dir='ltr'>quoties</span> <span class='ocrx_word' id='word_1_162' title='bbox 237 2344 289 2396; x_wconf 88' lang='lat' dir='ltr'>ego</span> <span class='ocrx_word' id='word_1_163' title='bbox 303 2338 338 2395; x_wconf 89' lang='lat' dir='ltr'>te,</span> <span class='ocrx_word' id='word_1_164' title='bbox 353 2329 434 2382; x_wconf 87' lang='lat' dir='ltr'>toties</span> <span class='ocrx_word' id='word_1_165' title='bbox 449 2329 526 2382; x_wconf 92' lang='lat' dir='ltr'>locus</span> <span class='ocrx_word' id='word_1_166' title='bbox 540 2329 599 2397; x_wconf 92' lang='lat' dir='ltr'>ipse</span> <span class='ocrx_word' id='word_1_167' title='bbox 611 2325 748 2379; x_wconf 88' lang='lat' dir='ltr'>vocabat:</span> 
     </span>
     <span class='ocr_line' id='line_1_26' title="bbox 102 2410 687 2477; baseline 0 -16"><span class='ocrx_word' id='word_1_168' title='bbox 102 2410 167 2477; x_wconf 93' lang='lat' dir='ltr'>Ipse</span> <span class='ocrx_word' id='word_1_169' title='bbox 178 2410 256 2464; x_wconf 91' lang='lat' dir='ltr'>locus</span> <span class='ocrx_word' id='word_1_170' title='bbox 269 2410 378 2464; x_wconf 78' lang='lat' dir='ltr'>miserae</span> <span class='ocrx_word' id='word_1_171' title='bbox 392 2411 461 2465; x_wconf 83' lang='lat' dir='ltr'>ferre</span> <span class='ocrx_word' id='word_1_172' title='bbox 474 2410 585 2464; x_wconf 90' lang='lat' dir='ltr'>volebat</span> <span class='ocrx_word' id='word_1_173' title='bbox 598 2425 687 2477; x_wconf 86' lang='lat' dir='ltr'>opem</span> 
     </span>
     <span class='ocr_line' id='line_1_27' title="bbox 65 2491 866 2562; baseline -0.004 -18"><span class='ocrx_word' id='word_1_174' title='bbox 65 2493 151 2545; x_wconf 90' lang='lat' dir='ltr'>Mons</span> <span class='ocrx_word' id='word_1_175' title='bbox 163 2492 233 2554; x_wconf 85' lang='lat' dir='ltr'>fuit;</span> <span class='ocrx_word' id='word_1_176' title='bbox 253 2505 388 2562; x_wconf 89' lang='lat' dir='ltr'>apparent</span> <span class='ocrx_word' id='word_1_177' title='bbox 402 2493 514 2547; x_wconf 87' lang='lat' dir='ltr'>frutices</span> <span class='ocrx_word' id='word_1_178' title='bbox 528 2492 556 2546; x_wconf 92' lang='lat' dir='ltr'>in</span> <span class='ocrx_word' id='word_1_179' title='bbox 569 2493 671 2545; x_wconf 88' lang='lat' dir='ltr'>vertice</span> <span class='ocrx_word' id='word_1_180' title='bbox 683 2491 736 2544; x_wconf 90' lang='lat' dir='ltr'>rari</span> <span class='ocrx_word' id='word_1_181' title='bbox 752 2508 758 2545; x_wconf 89' lang='lat'><strong>:</strong></span> <span class='ocrx_word' id='word_1_182' title='bbox 836 2502 866 2557; x_wconf 82' lang='lat'>25</span> 
     </span>
     <span class='ocr_line' id='line_1_28' title="bbox 101 2572 753 2646; baseline 0 -20"><span class='ocrx_word' id='word_1_183' title='bbox 101 2572 178 2626; x_wconf 92' lang='lat' dir='ltr'>Hinc</span> <span class='ocrx_word' id='word_1_184' title='bbox 192 2575 320 2642; x_wconf 89' lang='lat' dir='ltr'>scopulus</span> <span class='ocrx_word' id='word_1_185' title='bbox 334 2576 423 2630; x_wconf 90' lang='lat' dir='ltr'>raucis</span> <span class='ocrx_word' id='word_1_186' title='bbox 437 2576 540 2646; x_wconf 90' lang='lat' dir='ltr'>pendet</span> <span class='ocrx_word' id='word_1_187' title='bbox 553 2575 653 2628; x_wconf 88' lang='lat' dir='ltr'>adesus</span> <span class='ocrx_word' id='word_1_188' title='bbox 666 2575 753 2643; x_wconf 77' lang='lat' dir='ltr'>aquis,</span> 
     </span>
     <span class='ocr_line' id='line_1_29' title="bbox 64 2656 770 2726; baseline 0.001 -16"><span class='ocrx_word' id='word_1_189' title='bbox 64 2657 197 2710; x_wconf 91' lang='lat' dir='ltr'>Ascendo</span> <span class='ocrx_word' id='word_1_190' title='bbox 210 2678 217 2723; x_wconf 87' lang='lat'>;</span> <span class='ocrx_word' id='word_1_191' title='bbox 236 2657 308 2710; x_wconf 91' lang='lat' dir='ltr'>vires</span> <span class='ocrx_word' id='word_1_192' title='bbox 321 2659 430 2712; x_wconf 89' lang='lat' dir='ltr'>animus</span> <span class='ocrx_word' id='word_1_193' title='bbox 443 2659 528 2712; x_wconf 88' lang='lat' dir='ltr'>dabat</span> <span class='ocrx_word' id='word_1_194' title='bbox 541 2676 547 2710; x_wconf 78' lang='lat' dir='ltr'><strong><em>z</em></strong></span> <span class='ocrx_word' id='word_1_195' title='bbox 568 2667 652 2726; x_wconf 90' lang='lat' dir='ltr'>atque</span> <span class='ocrx_word' id='word_1_196' title='bbox 664 2658 703 2711; x_wconf 87' lang='lat' dir='ltr'>ita</span> <span class='ocrx_word' id='word_1_197' title='bbox 715 2656 770 2711; x_wconf 68' lang='lat' dir='ltr'>lato</span> 
     </span>
     <span class='ocr_line' id='line_1_30' title="bbox 100 2740 651 2808; baseline 0 -16"><span class='ocrx_word' id='word_1_198' title='bbox 100 2740 228 2808; x_wconf 89' lang='lat' dir='ltr'>AEquora</span> <span class='ocrx_word' id='word_1_199' title='bbox 239 2751 386 2808; x_wconf 88' lang='lat' dir='ltr'>prospectu</span> <span class='ocrx_word' id='word_1_200' title='bbox 399 2742 498 2795; x_wconf 89' lang='lat' dir='ltr'>metior</span> <span class='ocrx_word' id='word_1_201' title='bbox 510 2741 568 2799; x_wconf 83' lang='lat' dir='ltr'>alta</span> <span class='ocrx_word' id='word_1_202' title='bbox 579 2757 651 2793; x_wconf 87' lang='lat' dir='ltr'>meo.</span> 
     </span>
     <span class='ocr_line' id='line_1_31' title="bbox 67 2820 838 2890; baseline -0.004 -13"><span class='ocrx_word' id='word_1_203' title='bbox 67 2822 138 2877; x_wconf 86' lang='lat' dir='ltr'>lude</span> <span class='ocrx_word' id='word_1_204' title='bbox 151 2836 203 2890; x_wconf 84' lang='lat' dir='ltr'>ego</span> <span class='ocrx_word' id='word_1_205' title='bbox 218 2820 294 2888; x_wconf 90' lang='lat' dir='ltr'>(nam</span> <span class='ocrx_word' id='word_1_206' title='bbox 307 2821 396 2874; x_wconf 87' lang='lat' dir='ltr'>ventis</span> <span class='ocrx_word' id='word_1_207' title='bbox 409 2837 519 2886; x_wconf 81' lang='lat' dir='ltr'>quoque</span> <span class='ocrx_word' id='word_1_208' title='bbox 533 2837 594 2875; x_wconf 89' lang='lat' dir='ltr'>sum</span> <span class='ocrx_word' id='word_1_209' title='bbox 608 2822 765 2877; x_wconf 90' lang='lat' dir='ltr'>crudeli-bus</span> <span class='ocrx_word' id='word_1_210' title='bbox 778 2821 838 2880; x_wconf 78' lang='lat' dir='ltr'>usal</span> 
     </span>
    </p>
   </div>
   <div class='ocr_carea' id='block_1_4' title="bbox 0 0 986 3158">
    <p class='ocr_par' dir='ltr' id='par_1_4' title="bbox 0 0 986 3158">
     <span class='ocr_line' id='line_1_32' title="bbox 0 0 986 3158; baseline 0 0"><span class='ocrx_word' id='word_1_211' title='bbox 0 0 986 3158; x_wconf 95' lang='lat' dir='ltr'> </span> 
     </span>
    </p>
   </div>
  </div>
 </body>
</html>
