1964 3158
69 221 87 272 4
270 201 332 253 arr
350 200 488 255 orsum
504 198 663 254 rasam.

106 340 244 396 Invadunt
257 358 370 409 sparsos
382 342 438 394 lata
451 357 501 410 per
512 357 579 394 arva
590 357 700 409 greges.
846 355 878 398 ιο

70 423 225 491 Diffugiunt
237 422 340 489 hostes,
354 423 555 492 inhonestaque
567 423 683 476 vulnera
696 432 781 494 tergo

103 505 269 573 Accipiunt3
289 506 383 557 Tusco
397 505 531 573 sanguine
543 513 616 558 terra
628 504 719 558 rubet.
877 507 879 511 ’

69 589 115 642 Sic
128 587 235 649 iterum,
248 585 288 639 sic
302 602 377 655 saepe
388 586 511 640 cadunt:
530 585 578 639 ubi
590 586 702 639 vincere
715 587 817 656 aperte

105 670 171 722 Non
183 667 272 732 datur,
285 667 402 722 insidias
415 685 547 738 armaque
559 684 637 722 caeca
648 678 761 737 parant.

69 753 192 818 Campus
204 758 280 813 erat3
300 751 391 819 campi
406 751 575 804 claudebant
587 749 685 803 ultima
698 750 798 819 colles,
846 767 855 806 r
860 765 874 819 5

104 832 235 899 Silvaque
247 841 396 884 montanas
409 834 535 887 occulere
547 842 614 902 apta
625 832 707 885 seras.

70 917 103 969 ln
117 912 208 966 medio
220 928 325 981 paucos
337 925 517 983 armentaque
530 930 593 967 rara
604 913 766 983 relinquunt
778 935 786 981 ;

104 996 203 1049 Cetera
215 993 339 1062 virgultis
352 996 447 1049 abdita
460 997 541 1049 turba
553 996 629 1049 latet.

70 1080 153 1143 Ecce,
165 1077 240 1129 velut
253 1086 360 1130 torrens
372 1079 455 1130 undis
469 1078 635 1146 pluvialibus
648 1088 749 1133 auctus

104 1161 160 1213 Aut
173 1158 244 1223 nive,
258 1172 321 1225 quae
335 1156 460 1226 Zephyro
473 1161 547 1212 victa
560 1169 671 1229 tepente
684 1160 753 1227 fluit,
841 1177 875 1216 20

71 1245 123 1298 Per
136 1250 196 1294 sata
209 1253 312 1307 perque
325 1239 384 1291 vias
397 1239 499 1305 lertur;
519 1257 579 1307 nec,
592 1252 622 1295 ut
634 1250 700 1295 ante
713 1243 835 1313 solebat,

82 1376 85 1381 ,
106 1325 240 1394 Riparum
253 1321 363 1374 clausas
376 1323 503 1390 margine
517 1325 577 1376 finit
590 1340 678 1392 aquas
692 1341 699 1377 :

70 1411 117 1465 Sic
131 1404 209 1460 Fabii
224 1404 287 1457 latis
300 1404 402 1457 vallem
415 1405 586 1459 discursibus
599 1406 715 1475 implent
726 1427 733 1471 ;

105 1493 237 1559 Quosque
250 1486 353 1551 vident,
367 1497 500 1554 spernunt
513 1506 520 1552 ;
539 1504 591 1540 nec
603 1496 693 1542 metus
707 1489 778 1543 alter
790 1491 872 1545 inest.

71 1572 133 1646 Qub
145 1568 232 1635 ruitis,
244 1583 380 1636 generosa
392 1569 513 1622 domus?
530 1567 604 1622 malb
616 1570 738 1624 creditur
750 1571 842 1625 hosti:

106 1651 228 1720 Simplex
242 1649 381 1717 nobilitas,
393 1649 500 1719 perfida
512 1652 568 1705 tela
581 1667 656 1705 cave.
839 1653 873 1706 26

72 1736 179 1796 Fraude
190 1734 259 1802 perit
272 1734 373 1787 virtus:
393 1733 420 1785 in
435 1742 546 1801 apertos
559 1735 682 1804 undique
694 1751 810 1804 campos

105 1815 253 1873 Prosiliunt
265 1816 368 1882 hostes,
382 1825 409 1868 ct
422 1817 493 1868 latus
507 1832 589 1869 omne
602 1826 703 1869 tenent.

70 1902 144 1974 Quid
157 1898 260 1952 saciant
273 1897 363 1968 pauci,
376 1909 473 1952 contra
485 1908 525 1952 tot
539 1900 635 1967 millia,
647 1899 752 1953 fortes?

105 1981 223 2053 Quidve,
235 1980 310 2050 quod
324 1980 352 2032 in
365 1980 467 2034 misero
480 1992 605 2050 tempore
619 1991 711 2048 restet,
724 1981 851 2035 habent?

69 2069 147 2125 Sicut
159 2080 232 2133 aper,
246 2063 321 2116 silvis
334 2061 415 2131 longe
428 2064 611 2117 Laurentibus
623 2073 711 2128 actus,
837 2079 868 2130 31

106 2147 250 2202 Fulmineo
263 2144 365 2198 celeres
379 2144 498 2215 dissipat
510 2161 557 2198 ore
570 2160 654 2197 canes
666 2163 673 2208 ;
801 2156 803 2159 ·
879 2136 883 2144 “

71 2233 139 2287 Mox
150 2239 244 2282 tamen
258 2229 316 2297 ipse
329 2227 417 2295 perit:
436 2228 475 2280 sic
489 2243 545 2279 non
558 2227 712 2281 moriuntur
726 2227 813 2291 inulti,

104 2313 280 2381 Vulneraque
293 2311 399 2364 alterna
411 2308 535 2378 dantque
546 2309 692 2378 feruntque
704 2325 796 2361 manu.

70 2399 138 2453 Una
149 2393 209 2447 dies
225 2393 327 2446 Fabios
340 2392 377 2445 ad
389 2392 493 2446 bellum
506 2392 619 2444 miserat
632 2407 747 2455 omnes3
836 2403 868 2458 35

104 2476 150 2532 Ad
162 2477 266 2530 bellum
280 2477 380 2530 missos
393 2474 513 2543 perdidit
525 2489 581 2526 una
594 2473 663 2525 dies.

70 2563 111 2618 *Ut
124 2571 218 2613 tamen
233 2558 380 2611 Herculeae
393 2565 570 2626 superessent
583 2556 690 2610 semina
703 2554 802 2622 gentis,

107 2639 246 2695 Credibile
259 2651 300 2693 est
314 2641 389 2709 ipsos
403 2638 574 2691 consuluisse
587 2639 654 2691 deos
669 2657 675 2690 t

73 2728 147 2779 Nam
161 2740 229 2792 puer
243 2722 378 2789 impubes,
391 2730 418 2774 et
430 2721 522 2773 adhuc
535 2736 592 2772 non
604 2719 679 2773 utilis
693 2720 786 2784 armis,

110 2808 191 2861 Unus
204 2806 238 2860 de
252 2804 340 2858 Fabia
353 2812 435 2872 gente
448 2801 559 2855 relictus
572 2811 638 2855 erat.
833 2817 869 2867 40

50 2914 128 2968 *x
