1964 3158
275 222 472 278 ARIADNE
493 221 663 280 THESEO.
838 243 873 295 ²³

75 367 165 420 Omne
177 365 250 417 latus
263 373 343 417 terrae
356 364 441 432 cingit
453 380 547 419 mare:
567 366 661 419 navita
674 383 812 435 nusquam
825 385 831 420 :

110 447 195 499 Nulla
206 462 256 514 per
268 446 414 512 ambiguas
427 447 528 515 puppis
542 448 613 501 itura
625 449 692 501 vias.

73 529 161 599 Finge
174 527 234 580 dari
246 527 418 596 comitesque
430 529 507 595 mihi,
520 539 681 598 ventosque,
694 539 837 600 ratemque
849 551 857 599 ;

109 608 183 677 Quid
197 609 315 677 sequar?
350 610 489 663 Accessus
501 620 574 664 terra
585 622 702 679 paterna
713 623 804 680 negat.

72 693 113 745 Ut
126 701 185 745 rate
197 690 270 744 felici
283 701 383 760 pacata
396 707 445 759 per
457 707 571 761 aequora
582 693 668 759 labar,
834 695 868 763 65

106 776 255 843 Temperet
266 782 297 826 ut
309 783 406 827 ventos
420 773 518 827 AEolus
531 796 538 840 ;
557 778 634 829 exsul
646 791 700 830 ero.

72 857 139 907 Non
152 873 203 923 ego
216 867 252 922 te,
265 856 354 921 Crete,
368 865 480 908 centum
492 857 601 923 digesta
612 873 662 926 per
674 857 763 925 urbes,

106 939 258 1006 Aspiciam,
270 953 356 1007 puero
368 938 479 1006 cognita
491 947 564 991 terra
575 940 649 1006 Jovi-

72 1022 148 1074 Nam
161 1031 238 1089 pater
250 1030 277 1074 et
290 1021 378 1087 tellus,
388 1021 464 1088 justo
477 1031 592 1090 regnata
604 1024 720 1091 parenti,

108 1103 221 1155 Prodita
233 1112 297 1157 sunt
310 1103 392 1169 facto,
406 1103 519 1156 nomina
532 1121 605 1169 cara,
618 1121 690 1171 meo,
835 1119 877 1172 7σ

71 1187 164 1254 Quum
177 1185 235 1250 tibi,
249 1201 283 1236 ne
296 1185 384 1238 victor
396 1194 470 1238 tecto
482 1202 617 1240 morerere
629 1203 752 1256 recurvo,

106 1270 176 1337 Quae
188 1277 313 1335 regerent
325 1273 434 1336 passis,
446 1284 496 1336 pro
509 1268 579 1322 duce
592 1269 639 1323 fila
651 1271 716 1324 dedi
729 1292 736 1337 ;

71 1351 164 1418 Quum
177 1351 244 1403 mihi
258 1350 380 1417 dicebaS,
392 1351 470 1404 “Per
482 1367 534 1419 ego
546 1352 608 1420 ipsa
620 1354 741 1420 pericula
750 1353 821 1421 juro,

105 1433 147 1485 Te
159 1432 224 1498 fore,
237 1432 304 1486 dum
317 1442 442 1485 nostrum
454 1434 528 1487 vivet
540 1443 662 1503 uterque,
675 1436 790 1488 meam.”

69 1516 197 1569 Vivimus
205 1536 212 1582 ;
225 1525 252 1568 et
266 1532 322 1567 non
332 1531 402 1581 sum,
411 1515 531 1583 Theseu,
541 1525 602 1570 tua:
617 1517 640 1569 si
649 1516 735 1571 modo
743 1517 821 1584 vivis,
835 1530 867 1586 75

108 1598 232 1666 Femina,
245 1597 346 1666 perjuri
359 1596 456 1650 fraude
468 1600 575 1666 sepulta
587 1599 644 1652 viri.

70 1684 120 1735 Me
133 1699 251 1752 quoque,
261 1687 317 1750 qua
329 1681 449 1746 fratrem,
460 1680 621 1748 mactdsses‚
630 1680 765 1750 improbe,
774 1682 869 1746 clava;

106 1765 198 1830 Esset,
211 1781 296 1834 quam
309 1764 434 1828 dederas,
447 1772 536 1815 morte
548 1763 639 1815 soluta
651 1762 727 1816 fides.

70 1843 155 1899 Nunc
167 1863 220 1914 ego
233 1864 289 1899 non
303 1843 421 1913 tantum,
434 1861 497 1914 quae
512 1861 574 1898 sum
587 1861 711 1914 passura,
724 1846 868 1910 recordor;

105 1929 162 1982 Sed
174 1939 358 1998 quaecumque
370 1937 462 1995 potest
474 1927 530 1979 ulla
542 1929 638 1982 relicta
649 1927 715 1997 pati.
834 1929 870 1981 80

69 2011 226 2063 Occurrunt
239 2010 334 2062 animo
346 2010 478 2077 pereundi
492 2009 567 2063 mille
579 2009 673 2077 figurae
685 2029 692 2075 3

106 2094 240 2161 Morsque
252 2093 344 2144 minus
358 2108 459 2160 poenae,
474 2090 558 2162 quum
567 2109 646 2146 mora
658 2093 764 2160 mortis,
775 2094 868 2147 habet

66 2174 132 2241 Jam
141 2174 201 2243 jam
213 2183 344 2227 venturos
357 2183 405 2227 aut
417 2171 478 2240 hae,
491 2184 538 2227 aut
551 2175 676 2243 suspicor
688 2173 759 2243 illac,

105 2256 159 2323 Qui
172 2256 277 2309 lanient
290 2256 373 2308 avido
385 2256 492 2308 viscera
504 2256 594 2323 dente,
608 2256 703 2324 lupos:

68 2338 199 2390 Forsitan
211 2347 239 2390 et
249 2337 339 2391 fulvos
351 2337 432 2390 tellus
446 2337 502 2391 alat
515 2337 569 2394 ista
581 2336 683 2391 leones.
836 2339 868 2406 85

103 2421 173 2489 Quis
186 2421 247 2486 scit,
260 2437 297 2472 au
309 2420 370 2472 haec
383 2436 473 2472 saevas
486 2420 603 2488 tigridas
614 2419 705 2473 insula
717 2419 823 2474 habet?

39 2561 40 2565 ,
68 2504 105 2556 Et
118 2503 187 2556 freta
200 2502 330 2556 dicuntur
340 2518 458 2568 magnas
471 2501 607 2570 expellere
620 2502 733 2570 phocas.

103 2583 178 2652 Quid
191 2592 266 2637 vetat
277 2593 306 2636 et
318 2582 426 2650 gladios
440 2600 489 2650 per
501 2584 573 2635 latus
587 2581 625 2636 ire
637 2582 753 2635 meum?

66 2664 191 2722 Tantum
204 2681 239 2718 ne
251 2665 350 2732 religer
362 2665 431 2718 dura
444 2665 555 2732 captiva
568 2672 674 2731 catena,

104 2749 183 2800 Neve
196 2747 306 2800 traham
319 2753 399 2799 serva
412 2746 531 2814 grandia
541 2762 633 2816 perusa
641 2763 744 2812 mauu,
837 2764 879 2812 qo

62 2827 115 2883 Cui
123 2838 212 2896 pater·
219 2839 262 2884 est
276 2831 386 2902 Minos
401 2831 447 2887 cui
460 2840 555 2888 mater
567 2830 632 2885 rma
639 2829 777 2894 Putem,
867 2865 870 2870 -
