1964 3158
222 139 257 176 20
387 123 451 175 [X
468 124 609 176 OWDII
620 123 859 178 EPISYOLIS.

258 265 372 316 Viscera
385 280 490 323 nostru,
502 276 560 317 tun·
570 265 743 318 dilaniantur
752 281 835 332 opes

223 346 299 412 Quid
322 348 374 400 tibi
403 347 581 412 Pisandrum,
606 347 808 415 Polybumque,
838 350 982 405 Medon

257 511 484 580 Eurymachique
495 511 595 564 nudas
607 511 780 580 Antinoique
790 519 911 580 maniis,

221 598 314 665 Atque
326 598 396 649 alios
408 598 537 662 referam,
549 615 621 667 quos
633 613 733 650 omnes
744 599 869 666 turpiter
879 617 982 652 ancn-

258 679 815 748 lpsetuopartissanguinerehusalis?

223 763 285 814 Irus
297 779 392 830 egens,
404 762 570 831 pecorisque
584 762 757 815 Melanthius
768 772 852 815 actor
863 764 980 834 edendi,

258 846 382 899 Ultimus
394 844 533 896 accedunt
546 845 575 896 in
588 856 636 897 tua
648 844 753 896 damna
764 845 868 913 pudor.

222 930 292 981 Tres
305 944 402 980 sumus
415 927 542 978 imbelles
554 943 670 980 numero
681 946 690 990 ;
709 927 771 979 sine
781 928 892 982 viribus
904 947 977 984 uxor

259 1011 427 1078 laertesque
439 1025 532 1074 senex,
544 1009 788 1078 Telemachusque
799 1025 880 1077 puer.

224 1093 274 1145 Ille
286 1109 336 1161 per
347 1093 465 1145 insidias
477 1108 558 1160 paene
569 1104 612 1144 est
625 1091 694 1143 mihi
706 1107 795 1158 nuper
807 1090 971 1162 ademptus,

259 1177 335 1227 Dum
347 1186 437 1242 parat,
450 1174 544 1226 inritis
557 1175 697 1238 omnibus,
710 1174 750 1225 ire
763 1174 861 1240 Pylon

224 1259 270 1317 Di,
285 1273 390 1327 precor,
403 1258 457 1310 hoc
467 1257 593 1324 jubeant,
607 1268 647 1323 ut,
658 1255 789 1309 euntibus
801 1256 903 1311 ordine
914 1259 982 1313 tan*

260 1341 310 1392 llle
321 1356 400 1392 meos
412 1340 508 1392 oculos
520 1339 695 1408 comprimat,
708 1339 753 1390 ille
765 1348 837 1391 tuos

224 1422 287 1473 Hoc
300 1420 406 1474 faciunt
418 1431 568 1489 custosque
579 1421 674 1484 bourn,
686 1421 870 1490 longaevaque
883 1440 922 1476 nu
951 1427 959 1439 '

257 1504 377 1568 Tertius,
390 1503 544 1555 immundae
556 1519 623 1555 cura
634 1502 724 1555 fidelis
736 1502 821 1554 ham

223 1585 278 1638 Sed
292 1601 381 1654 neque
396 1585 515 1650 lairtes,
528 1586 618 1654 utqui
632 1585 668 1637 sit
680 1583 784 1636 inutilis
798 1585 893 1646 annis,

259 1669 398 1722 Hostibus
410 1668 438 1719 in
452 1666 552 1719 mediis
564 1683 651 1734 regna
663 1678 757 1720 tenere
769 1669 852 1720 valet.

222 1749 392 1803 Telemacho
403 1748 497 1801 veniet
511 1748 596 1812 (vivat
609 1746 705 1814 modo)
718 1750 814 1802 sortior
825 1760 916 1805 aetas:

260 1832 343 1884 Nunc
356 1841 414 1884 erat
426 1831 535 1883 auxiliis
547 1833 595 1884 illa
607 1832 712 1884 tuenda
724 1832 818 1900 patris.

224 1915 286 1966 Nec
298 1914 367 1966 mihi
379 1924 444 1967 sunt
455 1914 528 1967 vires
541 1916 669 1968 inimicos
681 1916 783 1984 pellere
796 1916 886 1969 tectis.

257 1996 283 2047 T
285 2014 302 2048 u
316 1994 397 2048 citius
410 1997 506 2049 venias
519 2008 614 2065 portus
628 2008 655 2051 et
668 2014 717 2050 ara
729 1997 803 2051 tuis!

225 2078 276 2131 Est
289 2077 348 2144 tibi,
362 2078 460 2147 sitque,
474 2095 579 2148 precor,
594 2089 676 2133 natus
689 2099 696 2144 3
716 2080 763 2149 qui
776 2080 908 2133 mollibus
921 2097 980 2136 ann

262 2160 296 2212 In
309 2160 414 2228 patrias
427 2171 502 2214 artes
516 2162 684 2216 erudiendus
698 2170 764 2214 erat.

225 2242 345 2312 Respice
359 2243 493 2296 Laerten:
514 2254 544 2296 ut
553 2245 613 2312 jam
627 2261 677 2297 sua
690 2245 797 2297 lumina
809 2244 925 2312 condas,

260 2324 423 2378 Extremum
435 2325 485 2378 sati
499 2327 616 2379 sustinet
629 2327 674 2380 ille
687 2326 771 2379 diem.

225 2405 306 2460 Certo
318 2422 380 2474 ego,
388 2423 452 2475 quae
464 2407 578 2474 fueram,
591 2418 618 2461 te
631 2409 800 2475 discedente,
813 2410 912 2477 puella,

261 2486 392 2543 Protinlts
406 2498 435 2543 ut
448 2489 555 2557 redeas,
568 2489 643 2543 sacta
654 2490 771 2544 videbor
782 2505 860 2544 anus.
