1964 3158
267 209 493 265 PENELOPE
515 212 564 266 UL
572 213 666 266 YSSI.
842 229 877 284 ¹9.

106 352 156 404 Ille
169 352 237 404 mihi
251 352 286 404 de
299 362 326 405 te
339 353 426 406 multa
439 362 551 420 rogatus
564 354 640 418 abit;
837 354 873 408 60
936 365 939 371 “

70 433 219 503 Quamque
234 433 284 487 tibi
297 433 405 500 reddat,
419 433 442 487 si
455 443 483 487 te
495 435 581 489 modo
593 436 694 490 viderit
706 454 834 506 usquam,

106 515 238 568 Traditur
251 515 316 569 huic
329 515 423 584 digitis
436 517 534 570 charta
546 527 643 571 notata
655 519 734 572 meis.

69 597 133 650 Nos
150 598 246 666 Pylon,
261 597 367 666 antiqui
382 598 482 652 Neleia
497 599 625 653 Nestoris
638 616 713 666 arva,

106 679 237 733 Misimus
252 698 258 733 :
279 681 384 733 incerta
396 689 439 733 est
451 681 527 734 sama
539 682 657 736 remissa
671 683 747 751 Pylo.
829 730 832 736 .
849 723 851 725 »
870 713 872 716 -

69 762 201 816 Misimus
213 774 241 817 et
255 764 385 832 Sparten:
406 764 506 832 Sparte
520 781 631 834 quoque
643 766 739 820 nescia
751 766 817 835 veri,
836 767 870 836 63

41 871 44 877 ·
106 845 183 913 Quas
195 845 307 898 habitas
320 855 415 911 terras,
429 856 477 899 aut
490 847 537 900 ubi
550 846 641 900 lentus
654 848 729 901 abes.
747 906 750 911 ,

66 925 175 982 Utilius
189 937 294 981 starent
307 927 391 981 etiam
405 944 479 982 nunc
491 929 597 982 moenia
611 930 718 983 Phoebi.

107 1011 217 1063 Irascor
229 1011 301 1064 votis
313 1010 367 1062 heu
381 1010 449 1063 levis
462 1011 524 1079 ipsa
537 1011 615 1064 meis.

69 1093 185 1159 Scirem,
199 1093 246 1145 ubi
259 1109 398 1162 pugnares
409 1112 416 1156 ;
435 1103 464 1146 et
477 1091 587 1147 tanthm
599 1095 674 1148 bella
685 1095 812 1150 timerem
823 1114 830 1160 ;

104 1177 143 1228 Et
155 1192 219 1229 mea
232 1192 296 1229 cum
308 1175 401 1228 multis
411 1174 510 1244 juncta
522 1177 635 1245 querela
646 1177 723 1232 foret.
836 1192 879 1245 70>

70 1258 146 1327 Quid
160 1258 275 1312 timeam
288 1258 385 1325 ignoro
396 1278 403 1322 ;
417 1259 504 1310 timeo
517 1269 613 1312 tamen
626 1261 721 1313 omnia
733 1260 849 1315 demens
864 1280 870 1314 :

105 1341 143 1407 Et
155 1349 232 1409 patet
245 1339 274 1392 in
285 1355 367 1392 curas
380 1356 446 1393 area
457 1339 515 1393 lata
527 1356 605 1394 meas

69 1423 251 1491 Quaecunque
259 1438 354 1490 aequor
363 1421 455 1488 habet,
465 1438 639 1492 quaecunque
649 1424 869 1493 periculatellus,

104 1505 178 1557 Tam
190 1504 282 1572 longae
295 1519 394 1556 causas
406 1504 532 1572 suspicor
544 1519 606 1558 esse
619 1521 713 1559 morae.
772 1538 775 1543 -

69 1586 141 1640 Haec
161 1601 214 1654 ego
237 1586 303 1638 dum
325 1584 407 1638 stulte
429 1585 549 1639 meditor
575 1588 649 1656 (quae
669 1597 762 1642 vestra
783 1589 869 1643 libido

139 1671 200 1735 est),
835 1684 867 1739 75

104 1752 177 1804 Esse
188 1752 333 1820 peregrino
347 1761 444 1820 captus
456 1769 552 1806 amore
565 1763 652 1821 potes.

69 1832 200 1885 Forsitan
212 1842 240 1886 et
253 1849 359 1897 narres,
370 1832 455 1902 quim
468 1835 504 1888 sit
518 1835 568 1888 tibi
581 1835 685 1888 rustica
697 1833 814 1903 conjux:

103 1915 175 1982 Quae
187 1912 297 1968 tannim
311 1916 391 1968 lanas
404 1932 461 1968 non
473 1917 546 1970 sinat
559 1933 620 1970 esse
632 1917 723 1972 rudes.

68 1996 182 2060 Fallar;
201 2006 229 2050 et
241 1996 296 2049 hoc
309 1997 415 2051 crimen
427 2007 525 2052 tenues
538 2009 673 2053 vanescat
686 1999 714 2051 in
727 2015 827 2054 auras:

104 2080 190 2141 Neve,
203 2078 358 2133 revertendi
370 2079 448 2145 liber,
460 2080 560 2133 abesse
572 2081 648 2134 velis.
835 2083 870 2136 80

67 2163 117 2215 Me
129 2169 210 2230 pater
223 2160 328 2214 icarius
340 2160 425 2214 viduo
438 2161 582 2216 discedere
594 2163 666 2218 lecto

102 2243 195 2310 Cogit,
207 2251 234 2295 et
247 2243 399 2296 immensas
412 2242 538 2312 increpat
550 2260 638 2313 usque
650 2262 752 2300 moras.

67 2327 196 2392 Increpet
208 2341 296 2393 usque
308 2325 390 2378 licet:
410 2333 458 2378 tua
471 2342 533 2379 sum
546 2346 552 2390 ;
572 2336 620 2380 tua
633 2327 711 2380 dicar
723 2338 848 2396 oportet:

102 2406 241 2476 Penelope
254 2405 354 2475 conjux
367 2423 477 2476 semper
493 2409 603 2477 Ulyssis
616 2425 671 2462 ero.

66 2489 117 2542 Ille
130 2497 224 2543 tamen
237 2489 340 2558 pietate
353 2495 416 2543 mea
428 2490 612 2560 precibusque
624 2492 734 2560 pudicis
833 2493 865 2560 85

101 2569 258 2637 Frangitur,
271 2580 298 2624 et
310 2570 382 2624 vires
396 2579 532 2640 temperat
545 2572 605 2640 ipse
619 2590 692 2626 suas.
745 2640 747 2643 .

65 2653 200 2719 Dulichii,
213 2653 364 2722 Samiique,
377 2663 404 2707 et
417 2671 488 2723 quos
501 2655 563 2707 tulit
576 2656 634 2709 alta
646 2655 812 2724 Zacynthos,

98 2736 196 2789 Turba
208 2745 291 2788 ruunt
303 2735 331 2788 in
345 2752 390 2789 me
403 2736 547 2792 luxuriosa
557 2738 651 2809 proci,

57 2818 148 2884 Inque
161 2822 208 2870 tua·
220 2828 351 2887 regnant,
365 2820 452 2877 nullis
466 2821 714 2894 prohibentibus,
722 2816 815 2871 auh'ox

442 2921 505 2964 02
