1964 3158
67 186 96 226 η
263 170 324 223 Er
342 168 479 223 orror!
493 140 653 224 Fasm.

101 309 218 381 Quisque
232 311 405 379 Symaerheas
418 308 520 377 accipit
532 325 629 379 aequor
640 327 748 380 aquas,

63 397 207 464 Antraque
221 395 375 463 Cyclopum
388 393 486 463 positis
498 401 597 446 exusta
610 393 744 460 caminis,
842 407 877 464 53

101 477 211 547 Quique
223 478 301 531 locus
314 493 405 531 curvae
418 475 533 529 nomina
545 475 626 529 falcis
637 475 738 543 habet,

67 559 238 628 Himeraque
268 569 295 613 et
333 557 473 628 Didymen
503 557 725 627 Acragantaque
766 561 876 614 Tauro

135 659 301 712 menonque,

100 726 304 794 sacrarumque
318 723 415 792 Mylen
427 740 533 793 pascua
542 723 608 777 laeta
620 723 716 776 boum.

66 807 142 860 Hinc
173 807 340 860 Camerinan
370 806 430 860 adit
463 806 654 874 Thapsonque
683 815 713 859 et
752 807 875 861 Heloria

136 891 251 958 Tempe,

102 971 219 1042 Quique
231 981 308 1042 patet
320 971 445 1041 Zephyro
458 987 567 1040 semper
580 977 692 1039 apertus
707 970 796 1037 Eryx.
838 971 874 1024 60

64 1051 184 1123 Jamque
195 1055 357 1109 Peloriaden
371 1053 560 1122 Lilybaeaque,
569 1052 686 1121 jamque
700 1051 860 1120 Pachynon

102 1136 250 1204 Lustrlrat,
264 1146 345 1190 terrae
357 1152 461 1189 cornua
474 1136 547 1189 trina
560 1151 627 1188 suae.

67 1215 250 1288 Quicumque
261 1218 422 1287 ingreditur,
434 1218 543 1271 miseris
556 1217 619 1270 loca
631 1225 734 1270 cuncta
746 1218 871 1286 querelis

104 1299 212 1370 Implet,
225 1309 256 1355 ut
268 1301 403 1354 amissum
416 1316 502 1369 quum
515 1298 602 1365 gemit
614 1298 672 1352 ales
687 1299 760 1366 Ityn.
816 1337 819 1341 .

67 1383 174 1451 Perque
192 1384 266 1438 vices
285 1382 369 1436 modo
387 1383 403 1411 “
415 1380 617 1450 Persephone,'’
629 1379 713 1434 modd
726 1381 743 1412 ‘⁴
755 1381 778 1434 F
780 1381 830 1436 ilia
845 1383 871 1436 !”

137 1464 248 1532 clamat,
833 1464 869 1531 65

102 1547 221 1613 Clamat,
234 1555 261 1601 et
274 1546 388 1600 alternis
401 1563 505 1600 nornen
517 1556 666 1615 utrumque
678 1544 741 1598 ciet.

67 1628 123 1683 Sed
136 1645 226 1699 neque
240 1630 416 1698 Persephone
430 1629 568 1693 Cererem,
581 1643 633 1680 nec
648 1627 704 1681 filia
717 1637 838 1680 matrem

99 1714 194 1778 Audit,
207 1723 235 1767 et
247 1713 360 1766 alternis
372 1726 475 1765 nomen
486 1721 634 1779 utrumque
645 1710 723 1779 perit.

67 1793 196 1863 Unaque,
209 1804 350 1864 pastorem
362 1793 478 1848 vidisset
490 1810 527 1846 an
540 1809 607 1846 arva
620 1792 766 1859 colentem,

100 1875 163 1927 Vox
175 1885 242 1941 erat,
255 1875 272 1901 “
284 1877 347 1928 Hac
360 1881 471 1942 gressus
484 1891 574 1944 ecqua
587 1874 678 1942 puella
691 1871 796 1928 tulit?''
832 1887 869 1940 70

64 2040 129 2108 Jam
142 2039 217 2092 color
229 2055 300 2093 unus
313 2039 385 2093 inest
397 2041 488 2107 rebus,
501 2039 676 2108 tenebrisque
689 2048 819 2108 teguntur

101 2122 206 2175 Omnia
219 2139 225 2174 ε
241 2122 301 2191 jam
313 2121 409 2190 vigiles
423 2124 581 2177 conticuere
593 2138 686 2176 canes.

65 2204 131 2258 Alta
140 2203 215 2273 jacet
227 2205 299 2258 vasti
313 2221 396 2275 super
408 2221 456 2258 ora
469 2204 617 2274 Typhoeos
630 2203 723 2269 AEtne,

101 2288 186 2357 Cujus
199 2288 337 2343 anhelatis
349 2288 460 2356 ignibus
473 2287 553 2342 ardet
565 2288 674 2341 humus.

66 2371 126 2424 Illic
140 2371 268 2425 accendit
280 2372 407 2438 geminas
420 2388 470 2439 pro
482 2370 613 2438 lampade
625 2369 742 2439 pinus-
830 2381 862 2438 73

102 2455 176 2506 Hinc
191 2453 299 2507 Cereris
313 2453 400 2507 sacris
413 2470 487 2507 nunc
500 2467 610 2522 quoque
622 2450 698 2504 taeda
710 2449 799 2506 datur.
818 2517 822 2524 Ι

65 2535 117 2588 Est
130 2552 230 2605 specus
242 2535 317 2589 exesi
327 2541 465 2590 structura
477 2533 595 2605 pumicis
608 2548 698 2601 asper,

101 2617 166 2669 Non
179 2617 285 2671 homini
298 2618 383 2685 regio,
396 2634 453 2670 non
466 2616 596 2670 adeunda
608 2616 674 2670 serae
688 2634 694 2669 ε

65 2699 128 2765 Quo
141 2699 224 2751 simul
237 2714 269 2751 ac
283 2699 367 2764 venit,
380 2698 504 2751 frenatos
518 2698 643 2750 curribus
656 2712 762 2764 angues

97 2779 203 2848 Jungit,
215 2788 243 2833 et
255 2795 400 2849 aequoreas
413 2780 488 2835 sicca
501 2789 627 2850 pererrat
638 2793 740 2847 aquas.
834 2779 876 2824 ‘so

62 2859 168 2926 Effugit
176 2870 205 2916 et
213 2860 308 2932 Syrtes
322 2870 349 2918 et
363 2871 399 2932 te,
414 2861 548 2918 Zanclaea
562 2855 744 2924 cnaryudrsi
