1964 3158
271 229 470 284 ARIADNE
491 230 664 285 THESEO.
834 245 867 301 25

68 371 144 424 Ossa
156 370 352 438 superstabunt
365 372 490 424 volucres
502 369 648 423 inhumata
660 371 797 425 marinae?

104 452 175 504 Haec
189 462 253 504 sunt
266 451 363 504 officiis
376 452 462 518 digna
475 452 602 521 sepulcra
613 453 706 506 meis?

68 534 128 588 Ibis
142 532 293 602 Cecropios
306 539 402 601 portus
416 553 421 586 :
440 535 585 603 patriaque
598 545 724 604 receptus
819 552 848 588 12
852 549 866 604 5

103 617 196 684 Quum
209 614 317 668 steteris
329 615 405 668 urbis
419 614 508 668 celsus
521 615 549 668 in
562 632 626 669 arce
639 627 702 680 tuae,

68 700 106 752 Et
119 696 190 751 bene
203 696 322 750 narriris
334 697 420 751 letum
433 697 558 767 taurique
570 699 685 768 virique,

103 783 241 849 Sectaque
254 796 303 849 per
315 779 415 837 dubias
429 797 513 834 saxea
525 789 600 834 tecta
611 782 680 851 vias,

66 864 115 915 Me
128 878 238 930 quoque
251 871 362 915 narrato
376 863 435 916 sola
448 863 545 917 tellure
557 864 682 919 relictam
695 883 701 917 ι

102 946 168 996 Non
182 959 234 1011 ego
247 960 309 997 sum
322 945 408 997 titulis
422 945 596 1013 surripienda
608 948 671 1000 tuis.
818 962 867 1014 130

66 1028 128 1080 Nec
142 1034 222 1095 pater
233 1035 276 1079 est
288 1024 394 1094 AEgeus
408 1045 414 1079 :
435 1044 486 1080 nec
498 1036 528 1081 tu
542 1029 698 1082 Pittheidos
710 1029 819 1082 AEthrae

101 1108 188 1161 Filius
203 1126 208 1160 :
228 1116 354 1161 auctores
368 1125 436 1161 saxa
448 1110 603 1179 fretumque
615 1111 663 1163 tui.

65 1191 105 1246 Di
117 1191 246 1258 iacerent,
259 1200 289 1244 ut
301 1207 346 1243 me
360 1198 470 1244 summa
481 1193 517 1246 de
529 1209 620 1261 puppe
632 1193 740 1246 videres
754 1197 760 1248 !

101 1273 238 1326 Movisset
250 1272 341 1326 vultus
354 1283 454 1326 maesta
466 1273 553 1342 figura
566 1284 636 1327 tuos.

66 1357 151 1410 Nunc
175 1371 285 1425 quoque
309 1371 365 1407 non
390 1356 478 1408 oculis
503 1356 561 1425 sed,
583 1363 640 1426 qua
661 1367 749 1427 potes,
771 1359 867 1428 aspice

136 1448 230 1492 mente
818 1455 864 1509 135

101 1525 262 1578 Haerentem
278 1526 400 1594 scopulo,
413 1541 497 1594 quem
509 1541 581 1593 vaga
593 1525 685 1593 pulsat
698 1541 779 1593 aqua.

62 1607 167 1676 Aspice
179 1607 317 1660 demissos
329 1607 448 1674 lugentis
461 1607 489 1659 in
503 1624 549 1660 ore
562 1607 677 1676 capillos
689 1627 695 1672 ;

100 1691 138 1744 Et
151 1691 259 1745 tunicas
272 1689 404 1756 lacrimis,
417 1689 487 1742 sicut
499 1690 536 1742 ab
549 1689 645 1754 imbre,
658 1705 765 1756 graves,

64 1775 181 1844 Corpus,
194 1783 225 1828 ut
238 1773 366 1843 impulsae
379 1781 487 1840 segetes
500 1771 695 1840 Aquilonibus,
706 1770 799 1823 horret
811 1788 818 1833 3

101 1856 248 1927 Literaque
263 1855 378 1908 articulo
391 1871 488 1924 pressa
501 1862 637 1907 tremente
649 1852 733 1904 labat.
819 1865 867 1916 140

64 1941 132 1993 Non
145 1950 171 1994 te
184 1957 234 2009 per
246 1940 383 2004 meritum,
397 1937 528 2006 quoniam
543 1935 616 2013 male
628 1936 719 2000 cessit,
733 1935 819 1988 adoro
832 1956 838 1999 3

100 2023 204 2076 Debita
217 2023 253 2076 sit
264 2022 339 2075 iacto
352 2020 442 2089 gratia
454 2020 530 2072 nulla
544 2034 607 2071 meo
619 2039 626 2084 ;

63 2105 120 2159 Sed
133 2122 186 2159 nec
198 2121 284 2174 poena
297 2103 411 2173 quidem
425 2121 430 2155 :
452 2103 474 2154 si
488 2118 544 2154 non
557 2117 610 2169 ego
622 2116 708 2154 causa
721 2100 826 2166 salutis,

100 2189 166 2241 Non
180 2198 274 2241 tamen
289 2196 330 2239 est
343 2203 392 2238 cur
405 2185 443 2238 sis
456 2194 485 2239 tu
499 2183 567 2236 mihi
581 2200 666 2236 causa
679 2181 764 2234 necis.

62 2271 126 2324 Has
140 2270 190 2324 tibi
203 2268 363 2338 plangendo
376 2265 503 2334 lugubria
516 2275 629 2334 pectora
641 2265 730 2317 lassas
818 2273 865 2329 145

100 2351 199 2405 Infelix
211 2350 296 2404 tendo
309 2359 385 2402 trans
398 2349 469 2402 freta
480 2349 565 2415 longa
577 2352 685 2399 maniis.

53 2440 127 2490 Hos
140 2437 199 2502 tibi,
213 2436 261 2505 qui
273 2445 413 2502 superant,
426 2435 543 2487 ostendo
557 2443 656 2486 maesta
669 2430 791 2499 capillos.

98 2519 153 2572 Per
164 2518 294 2570 lacrimas
307 2533 364 2584 oro,
376 2533 446 2585 quas
459 2527 507 2569 tua
517 2515 592 2568 iacta
605 2521 726 2577 movent,

64 2602 162 2654 Flecte
176 2609 273 2664 ratem,
287 2599 407 2664 Theseu,
420 2612 556 2665 versoque
569 2594 692 2647 relabere
704 2591 766 2644 velo
779 2610 785 2644 :

100 2682 130 2735 Si
142 2677 221 2752 prius
235 2680 372 2747 occidero,
385 2688 414 2732 tu
429 2689 522 2732 tamen
536 2692 601 2729 ossa
613 2675 706 2740 leges!
818 2689 868 2743 150
