1964 3158
261 213 486 270 PENELOPE
509 215 558 274 UL
566 215 663 270 VSSI.
831 230 863 280 17

192 404 195 408 ’
272 398 481 452 PENELOPE
504 399 650 453 ULYSSI.

65 518 148 573 Hanc
162 528 210 572 tua
224 519 362 586 Penelope
374 519 449 571 lento
462 517 512 570 tibi
525 517 618 579 mittit,
634 518 755 584 Ulysse:

101 602 150 655 Nil
163 600 231 653 mihi
244 601 395 665 rescribas;
415 609 540 653 attamen
553 600 613 668 ipse
624 600 697 654 veni.

61 685 148 753 Troja
157 683 231 754 jacet
244 681 318 736 certe
332 681 440 735 Danais
454 682 544 734 invisa
556 682 673 750 puellis:

97 767 152 819 Vix
165 767 291 820 Priamus
306 765 384 832 tanti,
397 773 512 834 totaque
524 764 617 832 Troja,
633 765 691 819 suit.

48 850 88 902 4Ο
99 850 207 903 utinam
216 858 291 916 tunc,
299 865 384 917 quum
397 847 601 901 Lacedaemona
610 848 699 902 classe
709 849 829 918 petebat,
847 860 862 916 5

99 933 223 986 Obrutus
236 930 340 983 insanis
354 939 428 984 esset
440 929 549 983 adulter
561 930 640 998 aquis
653 932 659 982 !

63 1015 131 1067 Non
144 1030 196 1082 ego
208 1012 319 1066 deserto
328 1012 480 1081 jacuissem
493 1011 594 1079 frigida
607 1013 686 1079 lecto,

100 1098 161 1149 Nec
174 1111 302 1166 quererer
314 1094 409 1148 tardos
420 1094 459 1147 ire
471 1094 568 1148 relicta
580 1094 657 1148 dies:

64 1179 126 1232 Nec
139 1176 217 1245 mihi,
229 1177 363 1247 quaerenti
376 1176 530 1245 spatiosam
543 1176 637 1231 fallere
650 1186 771 1247 noctem,

48 1307 50 1309 ,
99 1261 229 1314 Lassaret
241 1260 339 1312 viduas
353 1258 474 1327 pendula
484 1261 539 1313 tela
552 1267 659 1314 manus.
833 1276 865 1314 10

64 1343 185 1412 Quando
197 1357 249 1409 ego
262 1357 319 1394 non
332 1341 411 1394 timui
424 1343 551 1408 graviora
563 1343 686 1411 pericula
698 1343 791 1398 veris?

100 1426 156 1478 Res
168 1434 211 1479 est
223 1423 333 1478 solliciti
345 1423 429 1492 plena
440 1425 547 1477 timoris
561 1441 647 1479 amor,

64 1507 98 1560 ln
112 1517 140 1561 te
152 1507 294 1574 fingebam
306 1506 442 1559 violentos
455 1507 544 1559 Troas
557 1507 661 1561 ituros:

100 1589 222 1643 Nomine
235 1589 263 1640 in
278 1588 418 1642 Hectoreo
429 1587 536 1656 pallida
549 1604 659 1657 semper
671 1606 755 1644 eram.

47 1671 128 1725 ‘Sive
152 1672 214 1740 quis
240 1669 420 1723 Antilochum
444 1670 576 1722 narrabat
600 1671 637 1723 ab
663 1672 785 1727 Hectore
807 1673 862 1726 vic·

134 1763 202 1819 tum,
832 1767 862 1822 15

98 1836 264 1890 Antilochus
277 1836 364 1888 nostri
377 1851 463 1889 causa
475 1834 582 1890 timoris
595 1846 655 1889 erat
667 1853 673 1888 ι

62 1919 128 1972 Sive
142 1917 334 1972 Menoetiaden
347 1917 424 1971 salsis
438 1917 573 1971 cecidisse
586 1917 639 1970 sub
651 1917 744 1982 armis,

98 2002 214 2055 Flebam
228 2017 357 2055 successu
371 2017 454 2070 posse
467 2017 560 2055 carere
572 2000 662 2056 dolos.

44 2124 47 2130 ·
62 2086 205 2152 Sanguine
218 2083 397 2152 Tlepolemus
412 2085 527 2152 Lyciam
540 2083 706 2153 tepefecerat
718 2083 830 2138 hastam
842 2105 848 2149 ;

97 2167 252 2238 Tlepolemi
264 2167 320 2220 leto
332 2183 399 2220 cura
412 2176 515 2221 novata
526 2183 590 2220 mea
601 2174 651 2221 est
829 2180 864 2218 20

61 2247 199 2319 Denique,
212 2248 338 2318 quisquis
351 2259 410 2303 erat
423 2250 521 2302 castris
531 2249 673 2317 jugulatus
685 2247 810 2314 Achivis,

98 2328 236 2397 Frigidius
249 2330 338 2398 glacie
351 2340 448 2399 pectus
461 2331 583 2383 amantis
596 2339 663 2383 erat.

61 2410 116 2466 Sed
129 2412 202 2465 bene
215 2413 352 2466 consuluit
366 2421 444 2466 casto
457 2412 526 2466 deus
539 2429 636 2482 aequus
649 2413 738 2465 amori
750 2431 757 2477 ;

94 2495 183 2546 Versa
196 2504 238 2547 est
252 2495 281 2546 in
295 2493 416 2548 cinerem
430 2495 534 2561 sospite
548 2493 633 2562 Troja
646 2493 713 2547 viro.

61 2581 182 2648 Argolici
196 2582 302 2634 rediere
315 2580 416 2644 duces;
436 2581 535 2634 altaria
548 2578 674 2645 fumant3
829 2588 866 2648 25'

97 2662 212 2715 Ponitur
224 2661 261 2715 ad
274 2662 378 2731 patrios
391 2662 512 2714 barbara
527 2662 623 2731 praeda
635 2660 711 2716 deos.

62 2745 150 2798 Grata
162 2744 254 2798 ferunt
266 2744 400 2814 nymphae
411 2760 464 2817 pro
477 2744 567 2800 saluis
578 2743 661 2798 dona
667 2741 787 2796 manns

87 2825 137 2880 ‚Illi
148 2824 223 2881 victa
237 2828 297 2883 suis
311 2829 402 2885 Troia
414 2829 479 2885 iata
491 2836 616 2884 canunt
799 2903 827 2941 Q

62 2910 134 2954 Fasti
