1964 3158
69 213 99 250 10
266 196 329 250 EX
347 186 487 252 OVIDII
503 196 660 254 FASTIS.

65 342 187 393 Ventum
200 347 258 391 erat
271 339 307 391 ad
320 339 394 407 ripas
408 358 413 391 :
434 339 541 392 inerant
554 339 671 406 vestigia
685 340 798 410 ripis-

102 420 238 474 Sustinuit
250 420 350 473 tacitas
362 421 490 473 conscius
502 421 593 473 amnis
605 437 733 489 aquas-

68 505 78 557 l
83 519 134 572 psa
146 503 220 572 loqui
234 503 295 555 visa
307 511 358 569 est,
371 501 504 554 “Placidi
518 516 579 555 sum
596 504 725 572 nympha
739 507 860 563 Numici
871 528 878 564 r

100 587 192 638 Amne
203 599 326 655 perenne
337 585 426 637 latens
438 584 522 636 Anna
535 583 661 638 Perenna
674 589 788 642 vocor.'’
831 606 878 646 rio

252 878 523 933 PERSEPHONE
545 877 682 932 RAPTA.

66 1004 154 1056 Terra
166 1003 254 1057 tribus
267 1001 390 1072 scopulis
403 1010 514 1053 vastum
528 1000 664 1068 procurrit
677 1000 706 1054 in
718 1017 821 1073 aequor

102 1086 252 1150 Trinacris,
265 1101 282 1136 a
294 1084 387 1153 positu
399 1099 503 1136 nomen
516 1082 619 1149 adepta
632 1081 704 1135 loci:

67 1165 156 1218 Grata
168 1166 268 1219 domus
283 1166 385 1219 Cereri.
424 1164 531 1217 Multas
544 1180 579 1217 ea
591 1163 718 1232 possidet
731 1167 828 1236 urbes,

105 1249 137 1299 ln
151 1248 250 1318 quibus
263 1257 305 1301 est
318 1247 393 1300 culto
407 1244 503 1299 fertilis
519 1246 623 1298 Henna
636 1246 705 1300 solo.

68 1328 182 1395 Frigida
195 1328 340 1382 coelestdm
353 1338 457 1381 matres
470 1327 609 1380 Arethusa
622 1327 753 1383 voclrat:
857 1346 872 1402 ς

103 1412 223 1466 Venerat
235 1413 272 1465 ad
286 1428 379 1465 sacras
393 1422 420 1465 et
433 1410 486 1464 dea
499 1411 572 1464 flava
584 1411 679 1477 dapes.

69 1493 145 1556 Filia,
160 1495 300 1547 consuetis
313 1504 343 1547 ut
356 1503 415 1546 erat
428 1493 562 1546 comitata
574 1491 681 1560 puellis

103 1577 223 1631 Errabat
235 1577 311 1631 nudo
323 1592 373 1645 per
385 1592 436 1629 sua
448 1586 528 1644 prata
540 1576 617 1642 pede.

66 1659 146 1713 Valle
158 1660 211 1714 sub
223 1659 355 1714 umbrosa
367 1659 445 1712 locus
458 1667 501 1711 est
513 1658 660 1727 aspergine
671 1658 760 1711 multa

103 1744 212 1798 Uvidus
224 1761 258 1798 ex
271 1743 327 1798 alto
340 1742 494 1796 desilientis
507 1757 595 1810 aquae
837 1760 871 1798 ιο

65 1825 120 1877 Tot
133 1824 242 1878 fuerant
255 1826 319 1891 illic,
332 1833 400 1893 quot
413 1823 499 1876 habet
511 1833 619 1890 natura,
633 1824 738 1877 colores

101 1905 235 1974 Pictaque
247 1904 374 1959 dissimili
388 1904 454 1959 flore
466 1905 573 1958 nitebat
585 1905 693 1959 humus.

64 1989 159 2055 Quam
171 1988 253 2041 simul
265 1987 382 2056 aspexit,
396 1988 411 2016 “
421 1988 556 2056 Comites,
569 1987 695 2042 accedite
707 1987 732 2042 !'’
751 1990 829 2057 dixit,

99 2070 163 2123 “Et
175 2085 285 2123 mecum
298 2069 395 2139 plenos
408 2071 476 2124 flore
488 2070 586 2124 referte
599 2071 677 2124 sinus
686 2073 711 2124 l'’

66 2151 165 2205 Praeda
176 2151 312 2220 puellares
325 2153 434 2206 animos
447 2153 582 2223 prolectat
594 2154 695 2222 inanis,
833 2172 843 2209 1
850 2169 864 2224 5

101 2235 137 2288 Et
149 2250 207 2286 nou
220 2234 337 2289 sentitur
350 2236 497 2289 sedulitate
509 2236 596 2288 labor.

65 2317 136 2369 Haec
150 2317 248 2386 implet
260 2318 336 2373 lento
347 2319 475 2372 calathos
487 2335 503 2372 e
516 2319 620 2373 vimine
633 2337 726 2386 nexos,

100 2401 171 2453 Haec
184 2400 339 2468 gremium
358 2402 435 2455 laxos
448 2402 582 2468 degravat
597 2402 644 2454 illa
656 2403 744 2470 sinus,

65 2481 117 2534 llla
130 2483 196 2550 legit
205 2482 314 2536 calthas
330 2503 337 2548 ;
356 2485 420 2538 huic
434 2494 498 2538 sunt
511 2484 627 2537 violaria
641 2501 734 2550 curae;
794 2537 797 2540 ,
864 2516 867 2521 *

100 2563 150 2614 llla
163 2579 334 2634 papavereas
348 2567 479 2620 subsecat
491 2581 584 2632 ungue
596 2583 711 2633 comas;
827 2582 862 2621 20

64 2643 135 2710 Has,
150 2645 318 2714 Hyacinthe,
331 2658 409 2701 tenes
422 2669 429 2712 ;
449 2647 520 2713 illas,
534 2659 687 2715 amarante,
700 2650 818 2703 moraris
831 2672 837 2716 ;

99 2726 165 2777 Pars
178 2727 283 2796 thyma,
295 2745 360 2798 pars
373 2729 488 2794 casiam,
502 2744 567 2797 pars
580 2729 724 2784 meliloton
737 2744 839 2786 amant.

63 2806 184 2861 Plurima
196 2808 269 2862 lecta
280 2825 345 2862 rosa
356 2818 406 2863 est
444 2807 520 2865 Sunt
531 2819 561 2864 et
572 2810 636 2864 sine
646 2813 766 2862 nonime
775 2811 871 2858 hores.
