1964 3158
64 222 95 273 ιδ
227 218 286 270 EX
306 218 445 272 OVIDII
460 218 695 274 Eplst’ozls

63 360 201 413 Mirantur
210 359 334 428 justique
346 374 437 425 senes,
449 359 622 430 trepidaque
634 362 745 428 puellae
758 383 767 429 ς

99 442 245 494 Narrantis
258 441 360 509 conjux
371 441 474 509 pendet
486 443 523 495 ab
536 459 584 496 ore
595 443 656 496 viri.
840 460 869 513 3⁰

62 526 154 592 Atque
166 524 266 594 aliquis
279 524 371 592 posita
383 533 520 577 monstrat
531 523 591 577 fera
604 524 710 592 proelia
724 535 828 583 mensa
836 526 853 591 ;’

99 606 190 674 Pingit
203 616 230 659 et
243 607 343 673 exiguo
358 607 494 672 Pergama
506 616 566 659 tota
576 622 666 660 mero.

65 688 125 742 tlte
140 690 197 742 ibat
212 690 314 742 Simois
326 710 333 747 ;
351 688 398 741 hic
410 699 452 742 est
463 690 557 757 Sigeia
569 690 652 743 tellus
664 710 672 743 ι

99 772 154 824 Hic
168 782 281 825 steterat
296 773 398 825 Priami
410 772 487 839 regia
498 773 574 824 celsa
585 773 670 825 senis.

65 854 124 907 lllic
139 854 281 920 Erindes,
293 854 348 907 illic
360 852 494 907 tendebat
508 855 643 920 Ulysses3
837 868 867 925 35
904 866 906 873 ·

101 936 156 989 llic
168 936 243 989 lacer
254 936 394 989 admissos
406 935 501 988 terruit
515 936 622 989 Hector
630 952 731 1005 equos,

64 1019 168 1072 Omnia
181 1034 301 1088 namque
313 1029 362 1071 tuo
374 1019 475 1085 senior,
488 1029 515 1070 te
527 1033 650 1086 quaerere
661 1020 764 1088 misso,
847 1064 850 1069 .

101 1100 254 1154 Rettulerat
267 1110 334 1154 nato
349 1102 453 1154 Nestor
464 1119 472 1163 ;
491 1110 520 1153 at
533 1100 578 1151 ille
591 1099 668 1152 mihi

65 1182 182 1235 Rettulit
194 1193 221 1235 et
234 1180 306 1235 ferro
319 1182 499 1251 Rhesumque
513 1180 680 1251 Dolonaque
691 1200 804 1250 caesoe3

102 1266 196 1334 thue
209 1266 244 1318 sit
256 1266 302 1318 hic
315 1281 415 1318 somno
427 1266 561 1332 proditus,
574 1264 620 1317 ille
632 1264 708 1318 dolo.
833 1283 867 1334 40

65 1348 158 1401 Ausus
170 1364 209 1407 es.
222 1365 239 1400 o
251 1348 369 1400 nimium
381 1349 553 1416 nimiumque
565 1347 650 1400 oblite
662 1358 788 1419 tuorum,

99 1430 220 1483 Thracia
232 1440 368 1483 nocturno
380 1440 495 1497 tangere
508 1439 600 1482 castra
612 1430 698 1493 dolo;

63 1512 174 1581 Totque
187 1512 270 1566 simul
283 1523 407 1566 mactare
418 1512 501 1578 viros,
515 1511 625 1580 adjutus
638 1513 676 1566 ab
688 1520 768 1571 uno!
845 1516 848 1523 “

101 1596 137 1649 At
149 1594 221 1650 bene
232 1605 330 1650 cautus
343 1612 414 1659 eras,
426 1604 454 1649 et
464 1611 573 1648 memor
584 1594 649 1648 ante
660 1594 717 1648 mei
728 1598 735 1649 l

67 1678 164 1746 Usque
176 1688 252 1732 metu
265 1678 386 1731 micuere
399 1677 494 1742 sinus;
513 1677 581 1729 dum
593 1676 682 1731 victor
694 1679 822 1732 amicum
834 1690 866 1746 45

101 1759 201 1813 Dictus
214 1776 244 1813 es
261 1760 383 1813 Ismariis
396 1759 453 1812 isse
465 1775 515 1828 per
528 1775 630 1827 agmen
644 1759 734 1828 equis.

66 1845 123 1899 Sed
135 1846 203 1899 mihi
216 1848 284 1916 quid
296 1847 409 1916 prodest
423 1847 522 1900 restris
535 1847 653 1914 disjecta
665 1848 779 1901 lacertis

103 1926 178 1993 llios,
190 1937 225 1993 et,
238 1944 331 1982 murus
345 1928 420 1998 quod
429 1927 563 1994 mirante,
578 1929 677 1995 solum,

67 2007 95 2061 Si
109 2024 218 2075 maneo,
232 2010 321 2079 qualis
335 2009 420 2078 Troja
432 2009 550 2063 durante
562 2010 721 2076 manebam,

100 2090 205 2159 Virque
218 2090 286 2144 mihi
299 2090 414 2161 dempto
426 2090 481 2146 fine
494 2092 631 2144 carendus
643 2092 732 2145 abes?
835 2104 869 2161 50

67 2171 168 2224 Diruta
181 2180 246 2225 sunt
258 2174 327 2240 aliis,
341 2174 389 2226 uni
401 2174 471 2227 mihi
485 2175 621 2241 Pergama
633 2182 740 2226 restant
753 2192 760 2238 ;

104 2253 200 2306 Incola
212 2255 322 2324 captivo
335 2272 398 2326 quae
410 2257 481 2310 bove
493 2256 582 2308 victor
594 2265 662 2308 arat.

66 2336 129 2401 Jam
142 2353 221 2405 seges
235 2348 286 2404 est,
298 2338 346 2390 ubi
359 2337 446 2406 Troja
457 2339 529 2403 luit;
547 2337 756 2405 resecandaque
767 2338 841 2393 falce

104 2419 242 2486 Luxuriat,
257 2419 379 2487 Phrygio
392 2421 527 2488 sanguine
537 2419 656 2489 pinguis,
668 2419 778 2472 humus

68 2500 253 2569 Semisepulta
265 2501 356 2554 virllm
369 2502 460 2555 curvis
472 2503 606 2556 feriuntur
618 2501 717 2554 aratris
836 2515 865 2569 55

104 2583 194 2636 Ossa:
214 2584 341 2637 ruinosas
355 2583 456 2636 occulit
469 2583 556 2637 herba
571 2583 678 2636 domos.

68 2663 165 2716 Victor
177 2664 245 2718 abes
256 2684 262 2728 ;
282 2681 334 2718 nec
347 2665 417 2718 scire
429 2664 583 2734 nrihi,'quae
596 2681 682 2717 causa
694 2663 832 2730 morandi,

103 2746 159 2797 Aut
172 2746 200 2798 in
213 2763 268 2814 quo
281 2746 369 2799 lateas
381 2745 486 2799 ferreus
499 2748 575 2814 orbe,
588 2747 659 2800 licet„

69 2825 200 2896 Quisquis
214 2825 250 2878 ad
264 2826 326 2880 haec
340 2825 422 2880 vertit
435 2828 616 2896 peregrinam
623 2827 713 2876 litora
720 2826 854 2885 susem,
