1964 3158
66 215 98 254 22
234 198 297 251 EX
316 195 452 253 OVIDII
465 194 702 251 EPISTOLIS.

100 339 165 392 Vidi
178 337 314 407 praecipiti
327 337 445 391 carbasa
457 345 536 390 tenta
549 337 637 390 Noto.
842 352 868 407 30

64 424 121 476 Aut
133 422 209 484 vidi;
228 431 275 474 aut
288 420 372 474 etiam
384 435 470 489 quum
483 435 529 472 me
540 418 647 472 vidisse
661 429 806 491 putarem,

102 503 239 572 Frigidior
251 502 340 571 glacie
353 501 571 571 semanimisque
581 501 629 555 fui.

66 588 127 641 Nec
140 588 271 653 languere
283 584 330 638 diu
343 585 447 653 patitur
459 584 556 636 dolor:
575 584 684 638 excitor
696 586 750 640 illo
762 605 770 641 ε

100 668 231 730 Excitor;
250 676 278 721 et
291 673 401 720 summa
417 666 518 718 Thesea
530 681 600 720 voce
611 681 694 721 voco.
839 683 868 738 34

67 751 126 820 Qui>
136 750 245 819 sugis?
262 749 408 802 exclamo:
426 748 562 815 scelerate,
576 754 729 819 revenere,
750 752 865 816 ntem

100 833 192 885 Flecte
204 837 313 893 ratem,·
330 846 480 882 uulnerum
492 845 549 882 nen
560 828 643 882 habet
654 831 712 884 illa
723 848 820 889 sum

66 916 137 970 Haec
150 931 219 983 ego:
239 912 314 982 quod
326 913 387 965 voci
400 913 503 978 deerat,
515 911 650 980 plangore
662 914 813 983 replebam
824 934 832 971 t

100 997 224 1051 Verbera
236 1012 300 1048 cum
312 995 403 1049 verbis
416 995 500 1047 mista
511 993 587 1047 suere
599 995 680 1048 meis.

66 1080 95 1134 Si
109 1097 164 1132 non
177 1077 296 1144 audires,
309 1088 339 1130 ut
352 1077 451 1131 saltem
464 1091 577 1130 cernere
588 1091 698 1143 posses,

99 1163 216 1230 Jactatae
228 1159 284 1215 late
296 1161 377 1227 signa
389 1158 490 1212 dedere
502 1163 609 1210 manus.
837 1175 870 1227 40

66 1244 249 1313 Candidaque
260 1242 380 1311 imposui
392 1242 484 1308 longae
496 1238 636 1293 velamina
648 1242 747 1311 virgae,

101 1326 212 1381 Scilicet
224 1323 326 1378 oblitos
338 1323 515 1377 admonitura
526 1321 589 1376 mei.
607 1315 612 1326 '

64 1411 182 1478 Jamque
194 1407 281 1461 oculis
293 1416 402 1475 ereptus
415 1421 494 1458 eras:
514 1414 574 1458 tum
586 1405 709 1476 denique
721 1407 788 1462 flevi
801 1427 808 1463 ε

99 1493 273 1560 Torpuerant
285 1489 384 1541 molles
396 1486 461 1541 anto
472 1488 568 1540 dolore
578 1502 666 1555 genae.

65 1575 139 1643 Quid
149 1573 241 1642 potius
250 1572 372 1624 facerent
383 1569 466 1640 quam
475 1586 520 1623 me
528 1586 592 1624 mea
600 1571 708 1624 lumina
717 1572 829 1642 flerent,
837 1587 868 1642 45

101 1653 252 1725 Postquam
265 1654 405 1707 desierant
417 1654 480 1706 vela
491 1652 586 1706 videre
599 1653 666 1707 tua?

63 1741 119 1793 Aut
132 1755 184 1806 ego
197 1736 304 1791 diffusis
317 1735 404 1788 erravi
418 1735 478 1788 sola
490 1734 606 1803 capillis,

99 1820 196 1889 Qualis
210 1819 245 1872 ab
260 1817 369 1886 Ogygio
383 1817 493 1869 concita
508 1818 621 1871 Baccha
634 1818 687 1872 deo
699 1838 705 1883 ;

63 1903 120 1955 Aut
132 1917 209 1954 mare
221 1900 395 1971 prospiciens
409 1900 437 1951 in
451 1916 517 1952 saxo
531 1899 632 1967 frigida
644 1900 704 1954 sedi
716 1921 723 1965 ;

100 1981 245 2052 Quumque
257 1983 330 2051 lapis
344 1982 432 2048 sedes,
445 1989 505 2034 tam
518 1982 589 2051 lapis
602 1982 663 2050 ipsa
676 1983 725 2036 fui.
838 1997 870 2053 50

65 2066 145 2135 Saepe
158 2075 248 2119 torum
261 2074 355 2133 repeto
367 2065 414 2132 qui
428 2080 480 2117 nos
493 2074 639 2132 acceperat
651 2065 752 2119 ambos
765 2085 774 2132 ;

100 2147 156 2200 Sed
169 2164 225 2200 non
238 2154 367 2215 acceptos
379 2146 552 2216 erhibiturus
564 2155 642 2210 erat;

64 2231 100 2282 Et
114 2240 169 2297 tua,
181 2228 238 2299 quit
249 2245 372 2299 possum,
385 2244 436 2296 pro
449 2237 476 2281 te
489 2228 606 2296 vestigia
618 2237 711 2297 tango,

98 2314 253 2382 Strataque,
267 2327 331 2380 quae
343 2311 475 2364 membris
488 2310 630 2379 intepuere
642 2312 704 2364 tuis.

64 2396 200 2449 Incumbo
213 2416 219 2461 ;
239 2393 416 2462 lacrimisque
429 2402 490 2446 toro
502 2402 635 2446 manante
648 2389 778 2462 profusis,
835 2409 868 2465 55

97 2479 112 2506 “
122 2474 300 2541 Pressimus‚''
312 2475 446 2541 exclamo,
460 2473 514 2527 “te
527 2475 583 2528 duo
596 2493 602 2527 ε
622 2474 708 2529 redde
720 2476 801 2530 duos.

62 2561 197 2614 Venimus
209 2560 264 2613 huc
277 2557 362 2611 ambo
375 2575 381 2621 ;
401 2573 450 2609 cur
462 2573 518 2610 non
534 2557 704 2612 discedimus
717 2559 825 2613 ambo?

98 2643 215 2709 Perfide,
227 2659 292 2711 pars
305 2639 401 2704 nostri,
414 2640 522 2707 lectule,
534 2638 625 2707 major
637 2640 683 2694 ubi
697 2651 739 2695 est
748 2640 777 2692 ?''

63 2724 136 2791 Quid
149 2725 270 2777 faciam?
290 2721 352 2791 Qud
365 2722 425 2775 sola
437 2723 529 2775 ferar?
547 2723 637 2776 Vacat
650 2723 742 2777 insula
754 2725 829 2778 cultu
842 2745 848 2778 :

99 2806 164 2858 Non
176 2805 321 2859 hominum
335 2803 426 2868 uideo,
439 2820 499 2858 non
511 2820 566 2870 ego
576 2804 657 2854 laeta
663 2804 766 2853 unum
800 2830 802 2835 ·
839 2806 877 2852 §a
