1964 3158
64 192 79 244 8
268 189 329 242 EX
347 187 482 242 OVIDII
498 187 582 242 FAS
585 187 662 242 TIS.

63 330 198 385 Assiliunt
211 329 319 397 fluctus,
332 329 443 399 imoque
455 339 473 382 a
485 329 592 396 gurgite
605 340 711 397 pontus

101 414 231 481 Vertitur,
244 423 271 465 et
285 428 370 465 canas
383 411 477 464 alveus
489 411 581 464 haurit
593 427 692 480 aquas

64 496 191 550 Vincitur
203 513 248 548 ars
260 504 350 548 vento.
391 496 451 547 Nec
461 493 521 562 jam
533 493 696 548 moderator
708 496 842 552 habenis

101 579 202 644 Utitur,
216 587 263 631 aut
275 578 347 631 votis
360 577 403 629 his
416 591 526 645 quoque
538 576 628 644 poscit
640 591 736 645 opem.
844 593 877 648 50

65 662 191 727 Jactatur
203 658 324 713 tumidas
338 659 414 711 exsul
429 657 575 711 Phoenissa
587 673 637 726 per
648 659 755 728 undas,

102 740 282 811 Humidaque
294 741 423 810 opposita
435 741 540 794 lumina
552 749 630 794 veste
642 742 721 809 tegit.

71 824 147 877 Tunc
160 821 282 892 primum
297 823 373 875 Dido
386 822 450 875 felix
462 831 504 876 est
517 821 594 875 dicta
606 823 704 889 sorori,

103 908 141 959 Et
157 921 341 975 quaecumque
354 905 477 973 aliquam
490 919 605 971 corpore
618 905 720 972 pressit
732 905 864 962 humum.

67 988 174 1056 Figitur
185 985 222 1040 ad
238 986 360 1040 Laurens
374 985 479 1054 ingenti
491 985 604 1039 flamine
616 986 682 1040 litus
843 1004 857 1057 5
861 1003 875 1057 5

102 1070 214 1139 Puppis,
227 1076 254 1121 et
266 1067 397 1137 expositis
410 1068 540 1122 omnibus
552 1068 653 1122 hausta
665 1069 746 1137 perit.

71 1236 131 1301 Iam
144 1236 205 1302 pius
219 1234 325 1287 AEneas
338 1251 424 1303 regno
435 1242 557 1304 nataque
571 1234 661 1287 Latini

103 1318 211 1370 Auctus
222 1325 290 1384 erat,
339 1319 420 1387 pulos
432 1319 635 1386 miscueratque
648 1316 727 1370 duos.

71 1400 162 1453 Litore
175 1399 270 1466 dotali,
284 1400 344 1453 solo
357 1401 505 1454 comitatus
518 1399 635 1465 Achate,

105 1483 248 1536 Secretum
260 1482 337 1535 nudo
349 1483 416 1536 dum
429 1483 501 1552 pede
513 1483 602 1552 carpit
614 1483 674 1547 iter,
838 1484 876 1537 60

70 1563 178 1632 Aspicit
189 1575 335 1632 errantem,
348 1581 400 1618 nec
413 1565 525 1619 credere
537 1566 655 1619 sustinet
666 1565 782 1616 Annam

105 1648 183 1701 Esse.
223 1647 297 1717 Quid
309 1649 338 1701 in
353 1648 446 1701 Latios
460 1648 507 1701 illa
519 1650 624 1702 veniret
636 1649 744 1716 agros?
774 1650 777 1654 ’

72 1731 149 1784 Dum
157 1747 250 1785 secum
258 1731 374 1798 AEneas,
388 1732 494 1783 “Anna
504 1739 546 1784 est
558 1730 582 1785 !''
592 1730 728 1784 exclamat
736 1730 873 1786 Achates

105 1813 151 1866 Ad
163 1830 265 1867 nomen
277 1813 368 1867 voltus
382 1813 492 1866 sustulit
504 1813 551 1866 illa
564 1829 637 1867 suos.

72 1895 135 1963 Quo
145 1894 248 1960 fugiat?
266 1895 333 1963 quid
345 1895 429 1959 agat?
447 1912 517 1964 quos
530 1905 610 1948 terrae
622 1903 729 1964 quaerat
739 1894 856 1950 hiatus?

104 1978 178 2029 Ante
191 1976 285 2029 oculos
298 1975 408 2028 miserae
421 1976 478 2029 fata
490 1977 592 2030 sororis
605 1986 691 2031 erant.
835 1977 874 2032 66

73 2059 175 2125 Sensit,
188 2066 214 2111 et
227 2058 375 2127 alloquitur
387 2059 524 2128 trepidam
538 2059 701 2129 Cythereius
712 2059 816 2114 heros:

108 2141 169 2193 Flet
181 2149 276 2193 tamen
289 2139 433 2194 admonitu
446 2152 546 2210 motuS,
562 2143 663 2210 Elissa,
676 2143 724 2196 tui.

72 2223 183 2288 “Anna,
211 2238 259 2292 per
286 2223 358 2276 hanc
385 2222 456 2291 juro,
484 2240 569 2294 quam
599 2224 743 2294 quondam
772 2226 872 2281 audire

139 2306 248 2359 solebas

107 2390 246 2444 Tellurem
258 2391 316 2443 fato
329 2391 500 2459 prosperiore
513 2390 581 2457 dari,
837 2403 873 2457 70

75 2473 181 2542 Perque
192 2472 260 2526 deos
272 2472 397 2539 comites
409 2473 462 2526 hac
474 2490 562 2542 nuper
573 2472 639 2527 sede
650 2472 766 2540 locatos,

108 2557 190 2625 Saepe
202 2572 281 2609 meas
293 2555 354 2608 illos
367 2555 536 2623 increpuisse
549 2572 649 2608 moras.

75 2638 101 2689 N
105 2656 136 2692 ec
149 2640 227 2692 timui
242 2639 277 2692 de
289 2649 377 2692 morte
390 2648 484 2691 tamen
498 2656 503 2689 :
523 2647 614 2690 metus
627 2637 714 2690 abfuit
728 2638 787 2690 iste.

109 2723 163 2776 Hei
176 2722 263 2775 mihi!
284 2721 409 2775 credibili
422 2720 519 2773 sortior
531 2719 578 2772 illa
590 2719 648 2772 fuit

76 2803 120 2857 Ne
133 2805 210 2859 refer.
247 2803 350 2873 Aspexi
364 2818 421 2855 non
432 2801 479 2855 illo
492 2809 606 2872 pectore
617 2800 707 2866 digna
842 2809 884 2856 '13

107 2889 228 2953 Volnera,
247 2887 397 2943 Tartareas
410 2902 499 2942 ausus
513 2883 595 2938 adire
609 2881 726 2932 domos.
