1964 3158
221 189 381 246 osum
397 193 544 247 FABJAE
564 194 731 251 cannas.
857 215 873 273 3

73 330 100 385 N
104 331 220 386 uddrant
233 331 342 400 gladios
357 352 363 387 ι
383 333 398 361 “
408 333 560 401 Occidite,''
573 335 649 402 dixit,
663 337 678 363 “
689 337 841 392 inermem!

107 415 171 468 Hoc
184 414 298 484 cupiant
310 416 418 482 fratres,
432 417 655 486 Tarquiniusque
668 430 753 486 pater,

73 498 127 567 Qui
141 515 205 551 mea
217 497 321 552 cmdeli
333 498 465 552 laceravit
478 500 593 553 verbere
605 510 692 570 terga.
694 501 708 527 '’

106 583 208 636 Dicere
220 593 250 637 ut
262 584 315 636 hoc
328 593 432 675 posset,
444 583 561 637 verbera
572 601 672 652 passus
684 594 751 640 erat
839 602 869 641 ιο

70 663 150 718 Luna
161 665 230 719 fuit:
243 674 372 734 spectant
381 665 520 734 juvenem,
530 665 695 736 gladiosque
707 662 874 723 recondunt

103 748 259 817 Tergaque,
271 747 391 802 deducta
404 756 489 813 veste,
502 757 599 801 notata
610 748 713 803 vident

70 828 151 882 Fient
164 846 282 904 quoque,
294 839 322 883 et
334 838 365 883 ut
378 845 473 882 secum
486 838 595 883 tueatur
608 830 681 884 bella
693 841 841 900 precantur
853 853 859 898 ;

104 912 228 966 Callidus
241 911 344 984 ignaris
356 912 453 966 annuit
467 911 513 964 ille
525 913 598 966 viris.

66 994 185 1063 Jamque
198 1003 297 1063 potens
310 993 396 1047 misso
408 993 562 1060 genitorem
576 996 698 1064 appellat
710 996 810 1064 amico,
838 1010 867 1065 ις

104 1075 242 1130 Prodendi
257 1077 364 1130 Gabios
376 1075 452 1145 quod
464 1076 517 1128 sibi
531 1086 666 1131 monstret
680 1077 738 1131 iter.

67 1159 174 1212 Hortus
188 1157 311 1212 odoratis
324 1159 436 1212 suberat
449 1157 618 1212 cultissimus
631 1159 733 1222 herbis,

104 1241 201 1294 Sectus
214 1241 330 1294 humum
342 1241 401 1293 rivo
414 1240 476 1294 lene
488 1239 615 1293 sonantis
628 1257 718 1310 aquae
757 1288 764 1297 ,

67 1322 128 1376 lllic
141 1322 310 1391 Tarquinius
323 1323 457 1377 mandata
469 1322 585 1376 latentia
597 1324 655 1377 nati

101 1404 220 1474 Accipit,
233 1414 260 1458 et
273 1405 351 1472 virga
363 1404 420 1457 lilia
433 1421 543 1458 summa
555 1405 641 1460 metit.
834 1423 868 1460 20

67 1487 189 1541 Nuntius
201 1496 234 1540 ut
244 1486 334 1554 rediit,
347 1486 518 1555 decussaque
530 1486 589 1540 lilia
601 1487 670 1542 dixit
682 1507 689 1553 ;

102 1567 198 1636 Filius,
210 1567 366 1635 “Agnosco
375 1568 456 1637 jussa
468 1569 615 1637 parentis,”
627 1569 673 1623 ait.

15 1680 19 1688 ·
66 1650 93 1703 N
97 1666 128 1704 ec
142 1667 241 1704 mora:
260 1651 432 1720 principibus
446 1651 526 1704 caesis
540 1667 573 1704 ex
585 1651 654 1704 urbe
668 1651 787 1719 Gabina,

100 1733 260 1787 Traduntur
271 1732 389 1786 ducibus
401 1733 507 1785 moenia
520 1731 595 1785 nuda
607 1733 671 1786 suis.
738 1800 743 1808 .

223 2014 371 2067 GENTlS
393 2013 522 2066 FABlAE
543 2013 704 2066 CLADES.

65 2135 132 2190 Una
144 2136 244 2189 domus
256 2136 328 2190 vires
341 2146 369 2189 et
381 2153 451 2189 onus
464 2145 623 2204 susceperat
634 2133 728 2188 urbis:

100 2221 219 2272 Sumunt
230 2218 348 2287 gentiles
360 2235 439 2271 arma
449 2218 575 2286 professa
587 2223 695 2270 mamis.

62 2300 214 2369 Egreditur
227 2301 325 2355 castris
338 2302 417 2354 miles
430 2316 580 2368 generosus
593 2301 629 2352 ab
641 2297 740 2365 isdem,

99 2383 124 2434 E
137 2381 199 2451 quis
212 2382 267 2435 dux
279 2382 336 2435 fieri
349 2383 464 2451 quilibet
476 2390 558 2450 aptus
571 2390 637 2435 erat.

64 2465 106 2518 Ut
118 2465 200 2518 celeri
213 2481 296 2533 passu
313 2465 471 2518 Cremeram
484 2466 599 2532 tetigere
612 2478 743 2532 rapacem
848 2474 862 2529 5

100 2546 251 2614 (Turbidus
264 2546 387 2600 hibernis
401 2547 446 2599 ille
459 2547 562 2599 fluebat
576 2545 676 2614 aquis),

64 2629 165 2681 Castra
177 2628 239 2682 loco
251 2637 358 2697 ponunt
372 2647 377 2680 :
398 2629 536 2681 destrictis
550 2627 671 2693 ensibus,
686 2627 739 2694 ipsi

99 2710 274 2777 Tyrrhenum
287 2709 381 2762 valido
396 2711 488 2763 Marte
500 2725 549 2777 per
562 2724 663 2776 agmen
676 2719 751 2775 eunt,
835 2770 837 2775 ¹

65 2793 131 2846 Non
145 2793 231 2860 aliter,
245 2790 327 2863 quiem
340 2809 425 2862 quum
441 2792 545 2859 Libyca
559 2792 593 2844 de
606 2806 673 2860 rupe
686 2790 779 2844 leones

439 2885 457 2925 B
475 2888 492 2926 2
