1964 3158
251 173 385 228 ARION
400 173 461 227 ET
475 172 676 226 DELPHJN.
850 185 863 239 5

67 314 179 369 Scilicet
192 325 221 368 ut
234 330 331 384 posses
337 314 410 380 ,olim
424 323 461 379 tu,
476 314 608 381 Maxime,
622 313 719 367 nasci:
786 341 787 344 ¹

101 397 153 450 Cui
167 413 210 450 res
224 397 381 452 cunctando
394 396 566 450 restituenda
579 397 656 450 soret,

228 747 231 752 .
257 694 385 747 ARION
406 694 458 747 ET
479 695 671 748 DELPHIN.

66 817 149 887 Quod
161 835 238 872 mare
250 831 305 870 non
320 819 405 884 novit,
418 835 481 887 quae
495 819 583 872 nescit
596 819 702 872 Ariona
715 818 818 872 tellus?

100 901 232 953 Carmine
244 909 385 953 currentes
399 900 444 952 iile
457 902 571 954 tenebat
584 917 681 969 aquas.

66 983 156 1052 Saepe,
169 995 288 1051 sequens
301 992 412 1051 agnam,
425 983 506 1050 lupus
520 992 562 1036 est
574 984 628 1035 hac
641 999 710 1035 voce
723 990 865 1035 retentus:

101 1067 183 1134 Saepe
195 1064 309 1119 avidum
321 1065 430 1132 fugiens
442 1065 543 1118 restitit
555 1082 629 1133 agna
641 1065 755 1133 lupum:
786 1094 788 1098 ·
849 1091 852 1096 ·

66 1150 148 1217 Saepe
160 1163 244 1202 canes
257 1148 420 1218 leporesque
432 1148 532 1200 umbra
545 1148 665 1201 cubuere
678 1147 730 1200 sub
743 1148 800 1200 una
811 1166 817 1211 3
851 1158 865 1214 5

101 1232 139 1284 Et
152 1231 226 1284 stetit
239 1229 347 1284 infestae
360 1231 487 1299 proxima
501 1246 582 1283 cerva
595 1232 653 1284 leae.

66 1319 103 1372 Et
116 1318 176 1371 sine
188 1318 236 1372 lite
248 1318 350 1387 loquax
363 1326 427 1371 curn
441 1316 562 1370 Palladis
575 1317 640 1370 alite
652 1316 748 1370 cornix

101 1400 179 1454 Sedit
192 1419 199 1465 ;
218 1409 246 1454 et
258 1399 383 1469 accipitri
393 1399 491 1468 juncta
503 1400 633 1452 columba
644 1399 703 1452 sui.

66 1483 187 1552 Cynthia
200 1499 275 1553 saepe
288 1482 342 1537 tuis
354 1484 446 1549 fertur,
458 1476 563 1536 vocalis
575 1475 671 1547 Arion,

100 1566 259 1634 Tamquam
272 1565 398 1618 fraternis
411 1556 587 1634 ohstupuisse
599 1563 698 1617 modis.
834 1578 866 1616 10

66 1648 180 1700 Nomen
193 1647 340 1701 Arionium
353 1646 462 1700 Siculas
475 1645 639 1714 impleverat
650 1646 741 1712 urbes,

101 1729 247 1799 Captaque
259 1739 317 1784 erat
330 1729 422 1797 lyricis
435 1728 557 1782 Ausonis
571 1744 620 1781 ora
632 1728 716 1780 sonis

67 1811 137 1865 lnde
150 1811 265 1865 domum
277 1821 405 1879 repetens
417 1811 534 1880 puppim
547 1809 711 1863 conscendit
724 1809 820 1877 Arion,

99 1894 192 1964 Atque
204 1893 244 1947 ita
255 1893 387 1962 quaesitas
400 1902 459 1946 arte
471 1892 577 1946 serebat
589 1907 664 1960 opes.

65 1975 203 2042 Forsitan,
216 1973 318 2042 infelix,
330 1982 429 2028 ventos
442 1973 602 2044 undamque
615 1973 734 2028 timebas
747 1996 754 2041 ;
835 1989 844 2026 1
851 1987 865 2042 ς

99 2059 138 2112 At
150 2057 200 2112 tibi
213 2068 284 2110 naue
296 2063 345 2110 tua
358 2056 442 2111 tutius
456 2073 551 2127 aequor
563 2066 630 2111 erat.

65 2142 196 2210 Namque
208 2139 377 2208 gubernator
389 2140 522 2194 destricto
535 2141 660 2194 constitit
672 2156 747 2207 ense,

100 2223 254 2293 Ceteraque
266 2229 374 2276 armata
386 2225 500 2277 conscia
512 2225 593 2277 turba
606 2240 698 2277 manu.

65 2305 139 2375 Quid
150 2305 200 2358 tibi
210 2321 274 2358 cum
283 2305 393 2374 gladio?
431 2307 555 2360 Dubiam
563 2321 635 2374 rege,
642 2303 744 2371 navita,
750 2305 845 2374 pinum
857 2325 863 2360 :

100 2389 166 2441 Non
180 2396 245 2441 sunt
256 2386 318 2441 haec
331 2387 426 2454 digitis
439 2403 518 2440 arma
530 2388 652 2440 tenenda
664 2387 726 2440 tuis.
831 2402 864 2438 20

64 2471 114 2524 Ille
134 2479 208 2523 metu
221 2485 334 2537 vacuus,
349 2469 496 2523 “Mortem
508 2486 564 2523 non
577 2469 733 2537 deprecor,''
746 2469 835 2538 inquit
848 2491 855 2533 ς

98 2552 113 2581 ‘⁴
125 2552 182 2607 Sed
194 2552 276 2605 liceat
289 2557 400 2620 sumpta
414 2568 504 2620 pauca
517 2550 616 2604 referre
628 2551 710 2620 lyra?

63 2639 141 2692 Dant
153 2635 273 2701 veniam,
286 2633 431 2702 ridentque
444 2650 552 2686 moram
565 2651 571 2685 ε
585 2635 660 2701 capit
669 2634 715 2686 ille
723 2649 863 2700 coronam,

98 2719 169 2786 Quae
180 2715 269 2786 possit
281 2716 381 2782 crines,
396 2713 512 2782 Phoebe,
524 2714 624 2768 decere
636 2724 704 2768 tuos.

62 2800 194 2858 Induerat
207 2797 291 2870 Tyrio
305 2797 348 2852 bis
361 2796 479 2853 tinctam
492 2796 597 2851 murice
609 2797 734 2865 padam.
833 2808 879 2856 ἰε
