1964 3158
135 203 168 251 ²4
298 186 361 238 Et·
377 185 521 240 ovum
535 186 775 253 EPISYOLIS.

170 327 309 397 Quodque
321 329 412 396 nugis
424 328 548 392 memini,
559 344 624 396 qua:
635 327 689 381 nbi
699 338 794 397 pacta
810 329 862 384 fui

135 410 166 463 Si
178 425 264 467 mare.
276 407 300 460 si
313 420 410 473 terras,
422 422 604 478 porrectaque
616 409 700 463 litora
706 410 781 476 vidi,

173 491 265 544 Multa
276 491 346 544 mihi
359 503 448 555 terrae,
461 492 550 545 multa
561 492 706 545 minantur
717 509 816 562 aquae.

136 573 247 627 Coelum
258 574 382 627 restabat
393 594 401 638 ;
420 575 507 627 timeo
518 574 669 627 simulacra
680 572 806 628 deorum
817 595 827 630 z
911 586 940 644 95

170 657 316 710 Destituor
327 655 432 724 rapidis
444 657 540 725 praeda
552 657 688 726 cibusque
699 657 779 711 ieris.

136 741 202 793 Sive
212 740 308 792 colunt
319 739 503 809 habitantque
515 741 575 804 tiri,
587 739 743 792 diffidimus
755 741 815 794 illis
827 759 836 794 ε

171 823 309 874 Externos
320 821 407 874 didici
418 823 488 876 larsa
498 823 597 876 timere
607 822 691 874 viros

135 905 249 958 Viveret
261 903 428 970 Androgeos
439 905 556 969 utinam,
568 920 620 957 nec
631 903 707 956 iacta
718 905 826 960 luisses

172 986 265 1056 Impia
274 986 428 1041 funeribus,
441 986 560 1054 Cecropi
572 987 741 1052 term,tuis!
897 1004 944 1042 too

138 1072 200 1125 Nec
212 1081 260 1124 tua
272 1069 422 1123 mactisset
435 1069 544 1122 nodoso
555 1070 656 1138 stipite,
667 1069 792 1138 Tbeseu,

171 1154 268 1206 Ardua
279 1163 359 1222 parte
371 1153 461 1204 virum
473 1153 596 1218 dextera,
607 1161 686 1220 purte
697 1151 804 1205 bovem
815 1154 825 1206 l

138 1237 164 1288 N
167 1253 200 1290 ec
212 1236 271 1303 tibi,
283 1251 347 1304 quae
360 1233 465 1287 reditus
476 1243 672 1301 monstrarent,
683 1233 732 1287 fila
742 1234 900 1303 dedissem,

173 1319 235 1372 fila
245 1335 296 1387 per
306 1317 445 1370 adductas
457 1333 533 1385 saepe
544 1327 655 1385 reoepta
666 1318 788 1370 mamis!

138 1401 203 1454 Non
216 1399 346 1470 equidem
359 1399 452 1465 miror,
465 1399 488 1451 si
502 1410 558 1451 stat
571 1399 687 1452 iictoria
700 1412 806 1466 tecum,
895 1415 940 1470 ¹⁰5

172 1486 321 1550 Strataque
334 1483 473 1535 Cretaeam
484 1481 568 1535 belua
579 1483 659 1535 tinxit
671 1482 791 1535 humum
803 1501 812 1536 2

138 1566 203 1617 Non
216 1574 345 1633 poterant
357 1564 405 1631 figi
417 1563 572 1631 praecordia
584 1564 672 1617 ferrea
683 1579 770 1617 cornu
781 1584 790 1628 ;

172 1648 213 1701 Ut
225 1657 252 1701 te
265 1663 321 1699 non
334 1657 449 1714 tegeres,
462 1655 575 1714 pectore
588 1657 663 1699 tutus
675 1663 747 1700 eras

138 1731 197 1784 Illic
210 1741 239 1784 tu
253 1729 354 1794 silices,
368 1731 424 1782 illic
435 1729 597 1794 adamanta,
610 1729 696 1782 tulisti
709 1749 717 1792 ;

172 1814 241 1879 Illic,
253 1813 303 1882 qui
316 1813 418 1878 silices,
428 1812 548 1879 Thesea,
560 1814 663 1879 vincat,
676 1813 774 1867 habes
893 1831 941 1870 tro

136 1895 271 1950 Crudeles
284 1897 384 1962 somni,
397 1895 465 1965 quid
477 1911 523 1948 me
536 1894 665 1948 tenuistis
677 1896 817 1950 inertem?

169 1980 208 2032 At
221 1979 305 2032 semel
318 1984 424 2032 aeterna
436 1987 518 2030 nocte
531 1977 684 2045 premenda
695 1977 742 2031 sui.

135 2060 193 2113 Vos
206 2077 317 2130 quoque
330 2060 464 2126 crudeles,
477 2060 560 2125 renti,
575 2059 747 2130 nimiumque
759 2060 861 2129 parati,

169 2142 353 2212 Flaminaque
365 2143 394 2195 in
406 2143 537 2194 lacrimas
550 2141 675 2195 officiosa
685 2157 773 2195 meas.

136 2226 257 2279 Dextera
269 2225 397 2290 crudelis,
410 2242 475 2294 quae
487 2241 533 2279 me
545 2224 714 2293 fratremque
725 2225 837 2279 necavit
848 2245 856 2290 3
891 2238 938 2296 115

170 2308 208 2361 Et
220 2308 287 2362 data
299 2307 434 2376 poscenti,
448 2324 551 2361 nornen
564 2308 657 2373 inane,
670 2307 748 2360 fides

135 2389 169 2441 ln
181 2406 227 2443 me
236 2390 361 2458 jurarunt
375 2405 491 2442 somnus
503 2400 657 2458 ventusque
670 2388 812 2460 fidesque:

168 2472 283 2526 Prodita
294 2489 358 2526 sum
369 2473 462 2526 causis
474 2491 531 2526 una
543 2473 635 2541 puella
647 2473 746 2526 tribus.

134 2552 209 2620 Ergo
221 2569 274 2621 ego
285 2570 338 2608 nec
350 2554 480 2607 lacrimas
491 2556 589 2607 matris
601 2555 735 2609 moritura
745 2555 866 2622 videb03

170 2635 196 2685 N
199 2652 239 2701 ec,
253 2653 318 2690 mea
330 2636 377 2706 qui
391 2636 486 2704 digitis
498 2637 605 2690 lumina
617 2638 729 2705 condat,
742 2638 814 2692 erit?
887 2654 937 2692 120

135 2715 254 2783 Spiritus
267 2717 361 2770 infelix
373 2719 535 2787 peregrinas
547 2720 598 2773 ibit
610 2721 638 2773 in
651 2736 741 2786 auras,

51 2838 85 2928 κ
171 2797 232 2850 Nec
246 2799 351 2865 positos
365 2805 442 2854 artus
454 2811 561 2869 unguet
573 2801 670 2855 arritea
677 2801 803 2850 mauusi
