1964 3158
65 208 83 259 h
276 203 339 257 EX
356 202 493 258 OVIDII
505 199 666 256 FASTIS.

104 346 235 400 Reddidit
248 346 304 399 icta
317 361 382 398 suos
395 341 495 414 pollice
508 339 614 396 chorda
626 357 728 412 sonos,

68 428 219 482 Flebilibus
232 429 315 482 veluti
329 426 450 480 numeris
463 423 592 479 canentia
605 425 679 478 dura

101 509 246 578 Trajectus
259 515 351 578 penna
362 518 488 577 tempora
500 515 595 560 cantat
607 507 676 558 olor.

68 591 197 646 Protinus
211 593 239 645 in
251 590 359 644 medias
372 599 486 643 ornatus
499 588 592 642 desilit
603 586 698 642 undas
711 608 719 654 ;

103 676 248 744 Spargitur
260 673 380 765 impulsa
392 672 493 725 caerula
506 670 607 741 puppis
620 676 705 738 aqua.
842 689 875 741 30

70 757 137 811 lnde
150 756 216 824 (fide
229 755 319 823 majus
333 754 350 821 l)
363 764 441 822 tergo
456 752 598 846 Delphina
609 767 728 804 recurvo

103 840 140 893 Se
152 848 308 892 memorant
320 838 397 890 oneri
411 835 591 905 supposuisse
603 851 685 887 novo.

70 921 118 973 ille
132 921 232 974 sedens
246 919 439 987 citharamque
452 926 536 982 tenet,
549 916 729 985 pretiumque
741 919 865 975 vehendi

103 1003 214 1068 Cantat,
226 1010 253 1056 et
266 1015 409 1070 aequoreas
422 998 546 1052 carmine
558 997 662 1052 mulcet
674 1015 776 1067 aquas.

69 1083 107 1135 Di
119 1084 165 1151 pia
178 1082 252 1137 facta
264 1082 377 1136 vident:
397 1081 480 1135 astris
495 1078 637 1148 Delphina
648 1082 756 1149 recepit
842 1095 873 1152 35

102 1164 208 1232 Jupiter
219 1183 225 1228 ;
244 1173 271 1217 et
285 1163 379 1217 stellas
388 1162 471 1231 jussit
483 1162 588 1216 habere
600 1177 711 1219 novem.

299 1459 412 1511 ANNA
434 1459 636 1513 PERENNA.

66 1574 180 1643 Arserat
193 1576 291 1630 AEneae
306 1577 381 1630 Dido
394 1577 562 1631 miserabilis
575 1578 646 1645 igne,
748 1633 753 1638 .

101 1661 214 1714 Arserat
226 1660 371 1714 exstructis
384 1659 412 1713 in
425 1677 476 1713 sua
487 1660 546 1713 iata
558 1660 651 1728 rogis:
706 1713 708 1718 ,
782 1687 785 1718 1

67 1743 299 1813 compositusque
311 1742 389 1810 cinis,
399 1742 553 1812 tumulique
561 1743 590 1794 in
603 1757 741 1803 marmore
753 1757 870 1797 carmen

102 1824 165 1877 Hoc
178 1824 269 1890 breve,
284 1823 360 1892 quod
372 1824 494 1878 moriens
507 1825 569 1893 ipsa
582 1823 700 1894 reliquit,
712 1833 772 1876 erat
785 1843 790 1877 :

64 1905 192 1957 Praebuit
201 1905 310 1957 AEneas
321 1910 348 1956 et
358 1921 471 1958 causam
485 1908 584 1959 mortis
594 1912 622 1959 et
632 1922 731 1973 emam,
854 1920 868 1975 ς

99 1987 166 2054 Ipsa
178 2001 229 2038 sua
219 1986 318 2038 'Driio
330 1986 449 2040 concidit
460 2005 511 2040 usa
524 2005 618 2041 manu.

66 2068 194 2122 Protinus
207 2068 341 2122 invadunt
357 2069 522 2123 Numidae
501 2087 562 2124 sme
572 2070 685 2124 vindice
697 2085 823 2137 regnum,

100 2149 137 2202 Et
149 2149 252 2218 potitur
265 2156 347 2219 capta
362 2151 478 2205 Maurus
493 2153 576 2205 Iarba
588 2153 680 2206 domo

64 2230 154 2300 Seque
172 2248 279 2285 memor
294 2242 425 2302 spretum,
439 2233 610 2290 “Thalamis
629 2232 772 2299 tamen‚”'
766 2234 865 2302 inquit,

134 2314 262 2369 “Elissae

99 2397 142 2449 En
156 2413 216 2465 ego,
230 2413 312 2468 quem
326 2399 427 2452 totiens
440 2398 560 2468 reppulit
573 2398 628 2466 illa,
641 2397 739 2452 fruor.'’
833 2411 865 2449 10

63 2477 217 2548 Diffugiunt
231 2479 317 2548 Tyrii,
330 2480 385 2548 qui>
398 2497 537 2550 quemque
549 2481 606 2548 agit
618 2496 708 2533 error:
723 2489 752 2533 ut
765 2478 832 2531 olim

97 2560 209 2614 Amisso
223 2560 316 2616 dubiae
329 2578 393 2631 rege
406 2572 543 2630 vagantur
555 2578 631 2629 apes.

61 2724 156 2777 Tertia
169 2724 315 2780 nudandas
328 2734 474 2794 acceperat
486 2741 552 2778 area
563 2742 677 2790 messes,

98 2806 186 2877 Inque
198 2822 283 2861 cavos
295 2806 385 2864 ierant
397 2808 478 2871 tertia
489 2817 586 2864 musta
593 2808 696 2861 lasusz
