1964 3158
67 213 82 253 2
264 190 327 245 EX
344 189 480 244 OVIDII
495 188 653 243 FASTIS.

68 341 181 392 Servata
194 331 266 387 male
279 341 357 399 parte
369 331 454 384 bourn
467 330 535 398 Jove
548 338 631 382 natus
643 328 746 384 abibat
759 349 769 397 ;

104 415 243 484 Mugitum
255 428 339 466 rauco
353 411 425 465 furta
438 412 539 466 dedere
552 428 628 464 sono.

67 498 204 566 “Accipio
218 509 382 548 revocamen
392 493 414 558 '’,
428 494 466 546 ait
479 515 486 560 ;
506 491 660 562 vocemque
674 505 818 564 sequutus

104 577 194 648 Impia
205 592 255 645 per
266 574 350 627 silvas
363 575 436 628 ultor
448 576 485 628 ad
498 585 578 630 antra
590 576 674 628 venit.

69 663 119 716 Ille
132 659 239 713 aditum
252 653 330 708 fracti
343 666 539 723 praestruxerat
552 656 642 725 objice
654 658 763 713 montis
775 680 784 727 ;
845 675 875 730 25

102 743 155 795 Vix
170 740 237 808 juga
249 735 401 788 movissent
413 738 535 807 quinque
547 739 591 791 bis
603 737 673 792 illud
684 755 767 795 onus,

69 825 173 881 Nititur
184 819 230 872 hic
243 816 504 872 humeris—coelum
517 837 627 890 quoque
640 821 753 878 sederat
767 825 860 879 illis-

104 908 140 960 Et
152 911 262 957 vastum
275 908 351 952 motu
364 900 558 955 collabefactat
570 919 649 957 onus.

69 991 150 1063 Quod
179 986 260 1040 simul
291 985 416 1038 evulsum
445 996 497 1053 est,
522 989 616 1054 fragor
643 989 751 1044 aethera
778 994 876 1046 terruit

138 1071 238 1140 ipsum,

104 1157 219 1222 Ictaque
232 1149 357 1204 subsedit
370 1151 493 1218 pondere
506 1152 588 1206 molis
601 1152 712 1206 humus.
844 1171 878 1223 30

70 1238 163 1295 Prima
175 1241 269 1288 movet
284 1231 374 1285 Cacus
388 1232 490 1286 collata
502 1233 600 1303 praelia
612 1234 719 1301 dextra,
874 1237 878 1243 ’

105 1321 230 1388 Remque
243 1315 320 1369 ferox
332 1315 406 1369 saxis
420 1316 614 1385 stipitibusque
626 1318 705 1385 gerit.

70 1402 139 1475 Quis
152 1398 199 1454 ubi
213 1398 251 1451 nil
265 1397 363 1466 agitur,
376 1397 479 1466 patrias
491 1397 565 1452 mali
577 1397 655 1453 fortis
668 1400 705 1453 ad
719 1413 794 1456 artes

105 1482 243 1550 Confugit,
256 1488 283 1533 et
296 1478 423 1531 flammas
436 1494 483 1531 ore
496 1488 613 1534 sonante
626 1481 720 1535 vomit.

71 1571 148 1640 Quas
162 1563 269 1634 quoties
282 1560 390 1631 proflat,
404 1560 508 1628 spirare
522 1562 658 1631 Typhoea
671 1566 780 1632 credas,
843 1583 874 1636 33

106 1651 143 1704 Et
155 1645 282 1715 rapidum
296 1644 408 1697 AEtnaeo
420 1641 511 1711 fulgur
524 1645 559 1697 ab
573 1645 637 1713 igne
647 1643 711 1713 jaci.

72 1739 198 1801 Occupat
210 1729 324 1782 Alcides
336 1747 342 1791 3
362 1725 537 1794 adductaque
551 1727 632 1778 clava
644 1727 762 1780 trinodis

105 1817 161 1869 Ter
173 1821 270 1882 quater
282 1809 391 1862 adversi
405 1807 477 1860 sedit
490 1808 518 1860 in
531 1824 578 1861 ore
591 1808 649 1862 viri.

72 1902 122 1959 Ille
136 1895 210 1951 cadit
224 1893 376 1959 mistosque
389 1889 476 1942 vomit
490 1906 553 1942 cum
567 1891 702 1958 sanguine
716 1890 809 1945 fumos
823 1913 829 1958 ;

107 1983 144 2038 Et
156 1979 213 2032 lato
226 1974 346 2028 moriens
358 1981 471 2040 pectore
483 1971 590 2039 plangit
602 1972 725 2025 humum.
840 1990 877 2039 40

91 2258 201 2320 GABII
222 2253 450 2322 TARQUINIO
471 2250 655 2304 SUPERBO
676 2248 855 2302 TRADITI.

74 2389 181 2449 Ultima
195 2380 364 2449 Tarquinius
379 2380 516 2431 Romanae
529 2375 621 2442 gentis
633 2373 756 2426 habebat

108 2474 207 2536 Regna
221 2482 226 2517 :
246 2464 288 2516 vir
301 2461 428 2529 injustus,
440 2459 518 2512 sortis
532 2457 568 2510 ad
582 2472 661 2508 arma
673 2466 775 2509 tamen.

75 2558 192 2620 Ceperat
206 2547 251 2599 hic
265 2545 342 2612 alias,
357 2544 425 2596 alias
439 2548 574 2595 everterat
587 2540 689 2603 urbes3

109 2635 145 2687 Et
160 2629 265 2684 Gabios
278 2628 351 2697 turpi
365 2627 468 2680 iecerat
481 2633 540 2677 arte
553 2638 626 2674 suos.

76 2721 206 2781 Namque
219 2711 299 2765 trium
314 2710 454 2774 minimus,
468 2705 560 2775 proles
573 2702 722 2756 manifesta
737 2701 863 2770 Superbi,

49 2793 264 2968 [Ὓίοε
278 2793 372 2845 hostes
385 2799 467 2844 nocte
480 2787 578 2840 silente
591 2785 674 2839 venit.
859 2783 876 2831 6
