1964 3158
285 192 405 245 ANNA
423 192 637 258 percnum.
845 207 873 260 7·

17 389 20 397 ,
65 332 176 385 Pellitur
189 333 272 384 Anna
284 331 587 402 dom0,1acrimansque
600 334 705 388 sororia
717 333 816 403 linquit
831 348 859 400 15

100 415 208 467 Moenia
219 433 226 478 ;
245 431 385 482 germanae
394 414 470 483 justa
483 416 531 469 dat
543 425 608 469 ante
621 433 687 470 suae

65 497 156 550 Mixta
167 497 267 550 bibunt
278 496 376 557 molles
389 496 510 549 lacrimis
522 507 664 564 unguenta
675 497 785 566 favillae,

98 578 209 631 Vertice
221 578 321 631 libatas
334 578 528 648 accipiuntque
539 595 644 633 comas

39 724 40 727 Ἴ
63 661 173 729 Terque
186 660 298 714 “Vale
294 661 318 697 ν’
330 659 443 727 dixit,
419 675 526 714 cineres
539 669 581 714 ter
592 661 630 717 ad
643 677 691 714 ora
703 661 804 715 relatos

101 743 222 796 Pressit:
242 752 270 796 et
282 750 325 795 est
336 741 391 794 rllrs
404 742 464 794 visa
477 742 590 796 subesse
603 758 687 797 soror.
829 758 863 797 20

66 826 179 879 Nancta
191 834 278 878 ratem
291 825 463 894 comitesque
475 824 549 892 fugae
560 825 630 894 pede
643 825 743 879 labitur
755 842 845 894 aequ0,
859 879 861 883 ,

101 908 209 968 Moenia
221 906 380 975 respiciens,
393 906 473 960 dulce
486 907 588 960 sororis
601 923 679 975 opus.

65 989 174 1042 Fertilis
187 999 229 1043 est
243 990 340 1043 Melite
353 989 437 1042 sterili
450 989 542 1042 vicina
556 990 670 1056 Cosyrae

101 1072 204 1146 Insula,
218 1088 302 1141 quam
316 1072 411 1140 Libyci
424 1072 552 1126 verberat
564 1071 640 1124 unda
651 1071 722 1125 freti.
835 1129 837 1132 ,

66 1154 149 1206 Hanc
162 1154 231 1223 petit
242 1153 363 1222 hospitio
377 1154 448 1222 regis
461 1153 568 1208 confisa
580 1163 697 1207 vetusto.
830 1167 861 1220 25

101 1237 221 1304 Hospes,
234 1252 319 1303 opum
331 1236 421 1302 dives,¹
431 1251 478 1288 rex
491 1236 529 1288 ibi
543 1237 642 1289 Battus
653 1244 721 1289 erat

65 1319 119 1386 Qui
133 1327 281 1386 postquam
294 1318 391 1371 didicit
405 1324 485 1371 castis
498 1318 641 1386 utriusque
654 1319 763 1383 sororis,

99 1400 115 1427 ‘⁶
125 1401 220 1466 Haec‚’'
233 1400 330 1470 inquit,
343 1400 359 1428 “
369 1400 449 1454 tellus
461 1400 714 1469 quantulacumque
724 1409 775 1452 tua
786 1399 843 1455 est.²
861 1420 863 1425 ·

64 1484 102 1535 Et
115 1492 210 1536 tamen
221 1483 335 1552 hospitii
348 1483 484 1540 servisset
497 1483 534 1538 ad
547 1482 645 1535 ultima
657 1498 768 1550 munus,

100 1565 157 1618 Sed
169 1565 260 1620 timuit
272 1581 390 1633 magnas
404 1564 592 1633 Pygmalionis
604 1580 679 1633 opes.
830 1579 866 1630 3o

64 1650 152 1717 Signa
164 1658 339 1702 recensuerat
350 1648 394 1701 bis
407 1648 449 1701 sol
463 1663 513 1700 sua
526 1665 532 1699 ι
552 1646 647 1700 tertius
661 1646 719 1700 ibat

97 1734 207 1798 Annus,
218 1740 246 1785 et
258 1731 355 1784 exsilio
367 1741 441 1784 terra
453 1729 579 1800 paranda
592 1745 666 1781 nova
676 1739 727 1783 est.
789 1771 792 1774 >

64 1814 162 1866 Frater
174 1813 262 1880 adest,
274 1813 402 1883 belloque
414 1813 483 1881 petit
496 1831 501 1864 :
520 1828 567 1863 rex
580 1826 658 1864 arma
669 1826 784 1879 perosus

98 1898 114 1924 “
125 1897 187 1960 Nos
200 1912 296 1950 sumus
308 1895 442 1961 imbelles,
454 1903 484 1948 tu
496 1894 560 1961 luge
572 1908 669 1961 sospes
682 1893 708 1946 !’¹
720 1894 759 1945 ait

62 1981 146 2046 jussa
157 1979 235 2046 fugit,
248 1988 386 2048 yentoque
399 1986 488 2031 ratem
501 1976 649 2029 committit
661 1984 689 2029 et
700 1974 790 2029 undis.
829 1988 862 2042 35

98 2061 231 2130 Asperius
242 2060 346 2130 quovis
354 2077 466 2129 aequore
478 2059 562 2112 frater
574 2067 639 2121 erat.

63 2145 116 2197 Est
129 2159 216 2212 prope
228 2144 353 2212 piscosos
366 2141 485 2210 lapidosi
500 2139 641 2195 Crathidis
653 2156 751 2194 amnes
831 2159 832 2162 ¹

100 2227 205 2280 Parvus
218 2242 302 2294 ager:
322 2226 460 2278 Cameren
474 2222 566 2276 incola
579 2223 660 2276 turba
672 2231 762 2275 vocat.
817 2281 818 2285 Ἰ

64 2309 134 2363 Illuc
148 2325 244 2362 cursus
257 2317 335 2361 erat:
355 2323 406 2360 nec
420 2304 529 2374 longiis
543 2304 612 2358 afuit
626 2304 699 2370 inde,

98 2388 191 2459 Qubm
203 2400 338 2459 quantum
352 2390 448 2443 novies
460 2389 569 2443 mittere
582 2386 669 2440 sunda
680 2394 779 2454 potest.
827 2399 863 2452 40

62 2474 133 2527 Vela
145 2473 249 2527 cadunt
262 2471 359 2542 primo,
372 2482 399 2525 et
412 2471 497 2526 dubia
509 2470 644 2524 librantur
655 2468 692 2521 ab
704 2474 780 2522 aurai.

98 2557 114 2583 “
126 2556 237 2609 Findite
250 2554 389 2621 remigio,’'
401 2555 497 2608 navita
509 2553 586 2614 dixit,
600 2551 712 2620 “aquas
722 2549 749 2602 !’'
830 2605 831 2609 ,

63 2640 195 2707 Dumque
208 2647 307 2706 parant
319 2646 392 2690 torto
406 2636 559 2690 subducere
572 2634 690 2687 carbasa
701 2631 767 2697 lino,

100 2720 253 2773 Percutitur
266 2719 363 2788 rapido
375 2719 478 2790 puppis
491 2718 606 2772 adunca
616 2715 709 2780 Noto,

56 2804 147 2870 Inque
155 2811 260 2869 patens
273 2821 381 2875 aequor,
394 2804 504 2862 frustra
513 2808 669 2875 pugnante
678 2792 842 2862 tuatim,
858 2795 895 2846 ll:

80 2884 189 2950 Fenus,
203 2895 233 2941 et
246 2904 282 2942 ex
295 2890 392 2957 oculis
407 2891 476 2947 visa
489 2885 740 2957 refugituutnus·
