1964 3158
259 209 542 273 PERSEPHONE
557 217 707 270 RAPTA.
849 231 878 271 11

119 362 185 429 Ipsa
195 376 292 413 crocos
305 369 402 413 tenues
414 351 526 429 lssiaque
538 352 604 411 alba'
613 359 688 426 legit.

84 442 224 510 Carpendi
234 441 331 495 -studio
343 440 478 509 paulatim
490 438 600 508 longids
613 441 674 506 itur,
841 443 879 507 '25

119 526 156 577 Et
165 524 310 576 dominam
322 538 389 576 casu
402 520 478 575 nulla
490 529 608 590 sequuta
618 538 720 576 comes.

83 607 166 659 Hanc
179 606 255 659 videt
267 615 295 658 et
307 605 396 657 visam
409 614 523 673 patruus
535 605 666 657 velociter
678 605 775 672 aufert,

119 689 272 756 Regnaque
285 687 409 740 caeruleis
423 686 452 739 in
465 703 515 739 sua
529 695 620 755 portat
632 687 719 757 equis.

82 770 134 821 llla
146 769 259 839 quidem
273 769 421 834 clamabat,
435 768 451 794 “
463 770 494 821 Io
507 769 652 822 carissima
664 779 761 838 mater,

115 853 233 905 Auferor
243 853 267 904 !'’
286 853 347 920 ipsa
360 868 425 906 suos
438 852 651 926 abscideratque
663 852 748 905 sinus.
845 867 878 920 30

82 935 218 988 Panditur
230 935 334 987 interea
349 935 407 987 Diti
421 934 467 986 via
479 953 485 997 ;
510 950 632 1003 namque
644 935 773 988 diurnum

117 1016 223 1070 Lumen
236 1015 369 1070 inassueti
382 1016 428 1068 vix
440 1017 583 1084 patiuntur
594 1017 666 1086 equi.

78 1098 116 1150 At
128 1099 229 1150 chorus
242 1097 365 1166 aequalis,
379 1099 527 1151 cumulatae
539 1098 606 1151 flore
618 1098 761 1166 ministrae,

114 1179 130 1205 ‘⁵
140 1178 340 1247 Persephone,”
353 1179 484 1246 clamant,
497 1179 560 1232 “ad
573 1189 621 1232 tua
634 1181 708 1233 dona
719 1181 782 1234 veni
795 1181 823 1234 !”

80 1262 119 1314 Ut
132 1262 255 1315 clamata
267 1262 337 1327 silet,
351 1273 460 1315 montes
475 1263 624 1316 ululatibus
638 1264 762 1331 implent,
843 1278 879 1332 35·

113 1345 150 1396 Et
163 1345 265 1398 feriunt
279 1353 387 1397 maestae
400 1354 514 1412 pectora
526 1345 604 1398 nuda
616 1351 724 1398 manus.

78 1426 207 1479 Attonita
251 1435 294 1480 est
330 1428 463 1495 plangore
512 1427 718 1480 Ceres-modo
762 1437 876 1483 venerat

151 1509 320 1561 Hennam-

112 1592 173 1643 Nec
186 1607 278 1655 mora;
292 1592 366 1643 “Me
378 1592 521 1645 miseram!
541 1591 621 1657 filia‚''
633 1591 710 1657 dixit,
721 1593 788 1645 “ubi
800 1603 842 1646 est
852 1593 876 1646 ?’'

79 1673 184 1726 Mentis
199 1672 280 1741 inops
292 1674 406 1742 rapitur,
419 1675 516 1744 quales
529 1674 624 1728 audire
637 1674 757 1728 solemus

111 1754 257 1807 Threicias
270 1754 339 1808 susis
354 1754 502 1808 Maenadas
515 1756 553 1809 ire
567 1757 662 1809 comis.
841 1772 876 1822 40

76 1838 116 1890 Ut
128 1836 214 1890 vitulo
227 1836 315 1902 mugit
329 1853 379 1890 sua
387 1847 481 1890 mater
493 1838 530 1890 ab
542 1838 627 1891 ubere
639 1848 727 1907 rapto,

109 1919 147 1972 Et
159 1918 258 1989 quaerit
271 1918 343 1972 fetus
356 1935 405 1986 per
416 1936 515 1972 nemus
528 1935 611 1972 omne
620 1936 703 1974 suos:

73 2002 120 2055 Sic
134 2002 195 2055 dea.
234 2001 295 2053 Nec
310 2001 407 2053 retinet
420 2001 547 2067 gemitus,
559 2009 586 2053 et
600 2003 710 2056 concita
722 2018 803 2057 cursu

110 2085 216 2149 Fertur,
229 2092 257 2136 et
270 2099 285 2135 e
298 2080 406 2150 campis
420 2083 525 2150 incipit,
540 2085 652 2152 Henna,
664 2085 727 2139 tuis

73 2165 143 2218 Inde
155 2165 283 2234 puellaris
296 2173 380 2218 nacta
397 2174 439 2218 est
452 2166 570 2233 vestigia
582 2167 695 2235 plantae,
838 2181 855 2231 4
859 2180 872 2234 5

109 2249 145 2300 Et
158 2263 285 2315 pressam
298 2258 365 2300 noto
378 2249 501 2316 pondere
514 2249 583 2302 vidit
596 2250 719 2303 humum.

72 2330 200 2382 Forsitan
214 2329 261 2381 illa
277 2328 337 2382 dies
351 2330 451 2382 erroris
465 2347 575 2383 summa
587 2331 693 2397 fuisset,

107 2411 136 2463 Si
150 2428 206 2464 non
219 2410 378 2464 turbassent
391 2413 472 2480 signa
487 2423 596 2482 reperta
612 2429 683 2467 sues.

68 2493 188 2562 Jamque
202 2493 353 2546 Leontinos
366 2494 571 2565 Amenanaque
583 2495 699 2549 flumina
712 2510 792 2548 cursu

106 2575 230 2628 Praeterit
244 2583 272 2628 et
286 2575 370 2643 ripas,
383 2575 504 2629 herbifer
516 2577 577 2642 Aci,
591 2586 672 2630 tuas:
838 2589 871 2645 50

69 2656 196 2710 Praeterit
209 2667 237 2710 et
252 2657 366 2725 Cyanen
380 2668 407 2711 et
419 2658 511 2712 fontes
525 2659 594 2711 lenis
607 2659 701 2727 Anapi

103 2739 141 2791 Et
154 2749 188 2806 te,
203 2738 351 2793 verticibus
366 2755 424 2794 non
438 2741 571 2797 adeunde
583 2741 671 2795 Geia,

56 2818 192 2888 Liquetat
206 2822 347 2893 Ortygien
364 2823 569 2900 Megareaque
580 2821 832 2890 Pantagienque,
