1964 3158
75 523 136 595 Ex
161 526 316 592 ovum
343 529 508 595 FASTIS
534 529 594 594 ur
619 521 866 608 urrsrours¹

212 665 468 730 ExcERPTA
491 663 728 748 QUAEDAM.

394 860 545 888 ...4-

129 1008 257 1065 cneus
277 1010 327 1063 nu
348 1009 497 1063 nucina
519 1010 811 1065 iuruuracrus
852 976 855 978 ’

68 1127 210 1200 Puppibus
223 1144 350 1199 egressus
366 1129 445 1183 Latia
459 1130 534 1183 stetit
547 1129 644 1183 exsul'
637 1147 667 1182 m
679 1130 772 1201 herba
861 1180 865 1186 .

103 1213 188 1279 Felix,
201 1212 328 1266 exsilium
342 1229 386 1265 cu1
378 1211 477 1264 locus
490 1212 536 1265 ille
550 1211 618 1265 luit.
613 1214 618 1250 ¹
792 1219 793 1224 ’

67 1293 129 1348 Nec
142 1310 220 1349 mora
232 1294 316 1363 longa
328 1292 394 1347 fuit:
406 1293 519 1346 stabant
532 1310 605 1346 nova
618 1302 705 1347 tecta:
720 1307 772 1347 nec
785 1293 855 1347 alter

103 1376 247 1430 Montibus
260 1376 392 1430 Ausoniis
404 1376 514 1428 Arcade
526 1375 615 1444 major
627 1385 694 1429 erat

67 1459 142 1513 Ecce
154 1459 240 1512 boves
253 1459 317 1511 illuc
331 1457 500 1524 Erytheidas
513 1457 635 1525 applicat
647 1457 728 1510 heros
819 1526 821 1529 Ι
849 1472 863 1524 5

102 1542 241 1594 Emensus
254 1540 329 1607 longi
344 1539 464 1606 claviger
476 1540 551 1592 orbis
564 1539 623 1592 iter.

66 1622 199 1692 Dumque
217 1622 280 1675 huic
299 1621 451 1689 hospitium
470 1621 570 1674 domus
590 1631 632 1675 est
652 1622 779 1689 Tegeaea,
799 1637 864 1688 vag-

134 1716 215 1758 antur

101 1786 283 1841 Incustoditae
295 1787 362 1840 laeta
374 1803 422 1856 per
435 1803 501 1839 arva
513 1785 607 1840 boves.

64 1867 151 1922 Mane
164 1878 239 1922 erat:
259 1883 391 1924 excussus
404 1883 504 1921 somno
516 1867 677 1937 Tirynthius
690 1868 793 1938 hospes

98 1949 143 2002 De
156 1965 270 2002 numero
283 1960 377 2005 tauros
390 1951 473 2004 sentit
485 1949 584 2004 abesse
597 1949 675 2003 duos.
832 1964 864 2005 ro

62 2032 149 2086 Nulla
161 2031 236 2086 videt
249 2033 325 2086 taciti
339 2049 467 2102 quaerens
480 2032 596 2098 vestigia
609 2031 690 2096 furti3

95 2114 230 2167 Traxerat
243 2131 355 2168 aversos
369 2115 459 2167 Cacus
472 2114 500 2166 in
513 2122 593 2166 antra
604 2114 713 2166 feros-

61 2195 163 2262 Cacus,
175 2197 323 2249 Aventinae
335 2196 417 2248 timor
430 2204 513 2265 atque
527 2195 641 2248 infamia
653 2195 739 2261 silvae,

97 2279 165 2330 Non
177 2278 237 2331 leve
250 2278 375 2331 finitimis
387 2277 600 2346 hospitibusque
612 2276 725 2330 malum.

61 2359 132 2413 Dira
144 2361 203 2413 viro
216 2360 302 2413 facies
313 2381 320 2425 ;
339 2360 411 2412 vires
424 2376 475 2427 pro
488 2376 621 2428 corpore3
643 2377 741 2429 corpus
829 2373 859 2428 15·

96 2441 210 2495 Grande
222 2461 230 2506 ;
249 2452 328 2510 pater
339 2441 455 2493 monstri
470 2440 608 2494 Mulciber
621 2442 701 2509 hujus
714 2452 780 2494 erat.

59 2524 170 2593 Proque
183 2522 268 2576 domo
280 2523 370 2589 longis
385 2523 517 2589 spelunca
529 2523 683 2576 recessibus
697 2524 795 2590 ingens

94 2605 210 2673 Abdita,
222 2605 267 2657 vix
278 2603 346 2673 ipsis
359 2603 526 2656 invenienda
539 2604 612 2657 feris

60 2688 119 2740 Ora
131 2703 212 2753 super
224 2696 318 2754 postes
331 2684 467 2754 affixaque
480 2686 594 2738 brachia
607 2686 736 2755 pendent,

87 2768 284 2882 {qualidaque
297 2768 426 2820 humanis
439 2768 548 2821 ossibus
560 2771 630 2823 albet
648 2769 756 2822 humus.
823 2785 859 2821 20

106 2843 159 2884 aeri.
744 2859 771 2897 u
