1964 3158
262 207 546 262 nsnsannolva
563 207 711 262 xxm.
854 222 885 276 13

121 347 158 399 Et
171 363 229 412 voS,
244 348 269 398 N
274 347 342 412 isaei,
354 347 490 416 naufraga
503 359 637 416 monstra,
651 365 744 416 caneS,

86 429 315 498 Hadriacumque
327 437 427 497 patens
440 429 504 498 late,
516 429 709 501 bimaremque
724 432 885 486 Corinthon.

120 512 167 565 Sic
179 511 254 565 venit
266 511 303 563 ad
315 517 421 580 portus,
433 513 528 567 Attica
540 523 622 581 terra,
635 523 706 567 tuos.

85 594 141 648 Hic
153 591 274 664 primirm
287 593 361 648 sedit
371 595 463 662 gelido
476 595 656 649 maestissima
667 613 742 651 saxo.
852 600 867 650 8
871 611 884 666 5

121 677 193 731 Illud
208 675 371 745 Cecropidae
384 691 458 729 nunc
471 693 582 746 quoque
595 677 611 710 “
621 678 715 732 Triste
723 679 740 704 '⁹
753 690 864 733 vocant.

84 759 143 813 Sub
155 759 224 826 Jove
237 758 347 811 duravit
360 757 455 811 multis
468 759 585 812 immota
598 759 696 813 diebus
876 752 880 756 ’

119 842 156 894 Et
169 840 243 893 lunae
255 839 364 908 patiens
377 848 404 893 et
418 841 546 909 pluvialis
559 858 648 911 aquae.

85 1007 154 1060 Fors
179 1025 230 1061 sua
253 1007 352 1076 cuique
383 1007 444 1059 loco
475 1016 524 1060 est.
574 1007 636 1074 Quo
661 1025 735 1061 nunc
761 1009 883 1062 Cerealis

156 1090 278 1154 Eleusin,

119 1171 228 1224 Dicitur
241 1173 293 1223 hoc
309 1170 383 1223 Celei
398 1187 461 1223 rura
470 1168 556 1223 luisse
569 1169 651 1224 senis.
848 1186 883 1238 90

85 1253 134 1306 llle
147 1252 262 1307 domum
274 1253 391 1321 glandes
404 1267 575 1320 excussaque
587 1268 666 1305 mora
678 1253 782 1306 rubetis

120 1337 224 1401 Portat,
237 1345 264 1389 et
277 1334 379 1387 arsuris
401 1334 480 1387 arida
491 1334 568 1402 ligna
580 1334 657 1387 focis.

83 1417 154 1471 Filia
166 1434 253 1487 parva
265 1417 335 1470 duas
349 1416 491 1483 redigebat
504 1433 571 1484 rupe
584 1418 714 1485 capellas,

117 1501 156 1554 Et
168 1510 246 1553 tener
259 1500 287 1551 in
302 1498 379 1551 cunis
393 1497 465 1551 filius
479 1515 554 1566 aeger
566 1507 634 1554 erat.

81 1582 97 1617 “-
110 1583 203 1642 Mater
216 1583 245 1636 !''
272 1580 311 1634 ait
337 1581 529 1648 virgo—mota
549 1590 591 1634 est
612 1582 666 1634 dea
690 1581 801 1635 nomine
823 1599 881 1636 ma·

151 1665 237 1718 tris-
846 1678 879 1732 95

117 1747 219 1815 “Quid
232 1746 300 1800 facis
314 1747 341 1799 in
355 1746 420 1800 solis
433 1747 596 1800 incomitata
608 1744 717 1799 locis?'’

82 1829 195 1899 Restitit
208 1840 235 1883 et
249 1829 349 1897 senior,
361 1829 488 1898 quamvis
502 1844 573 1881 onus
586 1838 673 1896 urget,
685 1838 713 1882 et
726 1836 786 1881 orat

116 1912 205 1965 Tecta
218 1928 275 1965 suae
289 1911 387 1964 subeat
400 1910 654 1980 quantulacumque
668 1927 748 1964 casae.

82 1995 135 2047 Illa
147 2003 230 2061 negat
244 2012 250 2046 ε
269 1992 410 2047 simularat
422 2010 515 2055 anum,
527 1993 664 2062 mitraque
676 1993 791 2060 capillos

118 2077 268 2128 Presserat.
308 2074 427 2128 Instanti
441 2075 509 2127 talia
521 2074 596 2126 dicta
608 2074 708 2127 refert:
832 2066 880 2126 loo

80 2158 97 2185 ‘⁴
109 2159 211 2225 Sospes
220 2173 276 2223 eas,
287 2172 451 2225 semperque
461 2172 562 2223 parens
574 2157 580 2208 l
594 2155 662 2208 mihi
672 2155 729 2208 filia
738 2165 818 2224 rapta
827 2166 877 2209 est.

117 2241 181 2292 Heu
196 2242 201 2291 l
221 2238 319 2292 melior
331 2249 436 2306 quanto
452 2255 512 2290 sors
525 2248 572 2290 tua
585 2246 660 2291 sorte
672 2244 735 2290 mea
748 2238 814 2291 est.’'

82 2323 168 2391 Dixit,
180 2331 215 2389 et,
224 2332 254 2375 ut
265 2321 513 2389 lacrimae—neque
525 2320 600 2373 enim
613 2321 757 2372 lacrimare
764 2319 879 2380 deorum

151 2418 229 2462 est-

117 2491 229 2544 Decidit
242 2491 270 2543 in
284 2491 393 2558 tepidos
405 2490 498 2543 lucida
508 2499 587 2557 gutta
599 2491 684 2543 sinus.

81 2574 162 2626 Flent
175 2574 276 2642 pariter
288 2574 386 2626 molles
400 2573 501 2625 animis
514 2573 646 2641 virgoque
657 2587 795 2638 senexque
810 2589 815 2623 :
830 2582 877 2637 105

116 2658 139 2708 E
154 2657 254 2725 quibus
266 2657 327 2709 haec
337 2655 405 2723 justi
418 2655 503 2707 verba
515 2654 589 2707 fuere
603 2654 677 2707 senis
691 2674 697 2707 z

79 2737 151 2792 “Sic
165 2738 223 2804 tibi,
238 2754 321 2808 quarn
334 2747 445 2806 raptam
458 2736 595 2807 quereris,
605 2736 644 2789 sit
653 2736 717 2787 inis
726 2750 846 2799 sospes„

108 2822 204 2889 Surge,
218 2836 272 2874 nec
284 2821 397 2891 exiguae
412 2821 534 2895 despice
546 2831 630 2876 tecta
640 2817 740 2873 casa?
926 2867 944 2890 Ὦ

62 2900 117 2952 Cui
126 2901 181 2954 dea
197 2900 302 2961 “Ducl
314 2906 329 2932 ”
343 2908 460 2974 inquit:
474 2909 493 2937 “
506 2906 594 2963 scisti
608 2901 673 2975 qxiu
682 2907 800 2963 coge-12
808 2889 941 2952 Dssffiffl'
