1964 3158
240 203 521 257 PERSEPHONE
538 203 687 274 RAPTA.
832 217 861 271 15

98 344 178 396 Irrita
190 353 316 397 materno
331 352 395 396 sunt
408 360 479 410 mea,
490 344 569 396 dona
581 353 664 397 metu
812 358 863 410 140

62 426 120 478 lste
133 425 246 495 quidem
258 425 385 478 mortalis
398 427 456 480 erit
495 425 550 478 Sed
563 425 670 495 primus
683 427 774 481 arabit

97 509 134 560 Et
147 517 218 560 seret
231 517 259 560 et
271 507 346 560 culta
358 508 474 575 praemia
488 508 567 562 tollet
578 508 689 562 humo.''

62 588 148 652 Dixit,
158 598 187 642 et
199 589 344 656 egrediens
357 589 460 643 nubem
474 590 568 657 trahit,
582 590 666 659 inque
679 590 817 646 dracones

95 669 217 738 Transit,
229 681 256 724 et
269 672 373 738 aligero
387 672 492 726 tollitur
504 688 563 739 axe,
579 673 673 726 Ceres.

61 835 168 889 Sunion
178 836 334 905 expositum
349 837 493 905 Piraeaque
506 847 566 892 tuta
578 853 689 891 recessu
812 846 859 905 143

97 916 217 986 Linquit,
230 928 258 972 et
272 918 301 971 in
314 918 441 972 dextrum
454 934 517 988 quae
526 918 604 987 jacet
616 934 666 972 ora
678 920 759 974 latus.

62 998 138 1050 Hinc
151 999 202 1053 init
215 999 354 1068 AEgaeum,
368 1016 423 1068 quo
437 1000 576 1068 Cycladas
589 1002 689 1070 aspicit
702 1009 823 1068 omness‘

98 1081 262 1152 Ioniumque
274 1099 360 1151 rapax
376 1082 550 1152 Icariumque
563 1085 630 1152 legit
644 1098 650 1136 ε

62 1161 169 1231 Perque
182 1165 264 1217 urbes
277 1164 354 1218 Asiae
367 1164 482 1232 longum
494 1166 564 1233 petit
578 1166 802 1235 Hellespontum,

97 1245 303 1316 Diversumque
316 1247 386 1300 locis
399 1246 456 1300 alta
468 1258 590 1315 pererrat
603 1247 661 1301 iter.
812 1261 861 1314 150

67 1327 145 1380 Nam
158 1327 243 1382 modo
257 1328 388 1396 turilegos
400 1327 523 1395 Arabas,
534 1329 619 1383 modo
631 1329 750 1398 despicit
766 1329 861 1394 Indos,

98 1409 173 1462 Hinc
188 1409 282 1478 Libys,
291 1411 357 1464 hinc
372 1411 469 1463 Mero&
483 1411 613 1481 siccaque
626 1421 699 1464 terra
712 1411 825 1465 subest:

62 1491 145 1545 Nunc
176 1493 235 1545 adit
274 1491 436 1560 Hesperios,
469 1491 598 1546 Rhenum
636 1492 862 1562 Rhodanumque

133 1575 305 1642 Padumque,

96 1657 192 1725 Teque
200 1656 291 1708 future
305 1672 414 1723 parens,
427 1657 542 1725 Thybri,
556 1656 676 1725 potentis
689 1672 778 1725 aquae.

62 1736 124 1805 Qud
136 1737 228 1790 feror?
246 1738 414 1791 immensum
426 1747 469 1791 est
481 1747 585 1791 erratas
597 1737 689 1790 dicere
700 1747 795 1791 terras.
813 1751 859 1806 155

97 1821 255 1873 Praeteritus
270 1820 362 1872 Cereri
376 1820 467 1875 nullus
481 1821 510 1873 in
522 1821 589 1873 orbe
602 1819 689 1873 locus.

61 1904 144 1955 Errat
156 1912 184 1956 et
196 1904 224 1955 in
235 1903 316 1970 coelo,
327 1903 480 1973 liquidique
489 1903 624 1957 immunia
635 1905 713 1971 ponti

95 1985 263 2054 Adloquitur
272 1985 365 2053 gelido
377 1987 504 2054 proxima
517 1987 597 2054 signa
609 1987 682 2055 polo.

61 2066 77 2093 “
88 2066 270 2120 Parrhasides
279 2067 534 2136 stellae-namque
542 2067 637 2120 omnia
645 2067 728 2121 ndsse
736 2069 861 2137 potestis,

95 2148 252 2216 AEquoreas
266 2164 410 2217 nunquam
422 2166 509 2218 quum
522 2149 644 2202 subeatis
658 2166 782 2219 aquas-
812 2150 862 2203 160

62 2230 259 2299 Persephonen
272 2240 369 2284 natam
381 2231 492 2284 miserae
505 2241 657 2285 monstrate
669 2232 778 2300 parenti
793 2233 821 2286 !’'

98 2313 222 2366 Dixerat.
261 2313 336 2365 Huic
352 2313 451 2365 Helice
464 2313 531 2366 talia
544 2315 629 2367 verba
642 2313 722 2366 refert
736 2330 742 2365 :

60 2393 77 2421 “
89 2395 211 2447 Crimine
224 2409 280 2447 nox
292 2411 382 2447 vacua
390 2403 441 2447 est.
480 2395 574 2448 Solem
588 2395 623 2448 de
635 2395 741 2462 virgine
753 2402 833 2463 rapta

99 2477 228 2542 Consule,
243 2477 289 2546 qui
303 2476 359 2530 late
370 2477 445 2530 sacta
458 2476 557 2530 diurna
570 2478 669 2530 videt.''

62 2559 110 2611 Sol
123 2559 215 2611 aditus
228 2557 348 2625 “Quam
362 2557 487 2627 quaeris,''
498 2560 545 2624 ait,
559 2560 618 2612 “ne
630 2575 703 2611 vana
715 2557 833 2625 labores,

97 2641 195 2709 Nupta
206 2640 284 2707 Jovis
297 2641 373 2694 fratri
387 2640 470 2694 tertia
482 2657 569 2708 regna
582 2640 681 2694 tenet.''
815 2641 863 2696 166

63 2723 169 2789 Questa
182 2721 229 2776 diu
243 2739 337 2776 secum
350 2723 389 2776 sic
403 2733 445 2776 est
458 2724 543 2777 affata
556 2725 722 2792 Tonantem,

99 2805 279 2875 Maximaque
291 2805 320 2858 in
332 2806 407 2859 voltu
422 2805 502 2873 signa
515 2805 635 2861 dolentis
650 2819 747 2863 erant:
