1964 3158
294 210 414 263 ΑΝΝΑ
435 209 646 266 PERENNA.

72 353 109 404 At
122 361 160 417 tu,
174 368 222 404 seu
236 351 305 421 ratio
318 360 346 403 te
358 347 460 403 nostris
472 351 578 418 appulit
592 350 656 416 oris,

109 433 173 487 Sive
186 433 264 498 deus,
276 433 353 500 regni
367 433 516 486 commoda
528 449 610 502 carpe
622 432 686 486 mei.

73 515 165 570 Multa
177 516 228 569 tibi
241 531 388 581 memores,
400 515 439 567 nil
452 531 509 567 non
521 515 656 568 debemus
670 514 779 568 Elissae.

86 646 89 650 .
106 597 232 650 ,Nomine
244 605 324 664 grata
336 606 392 662 tuo,
405 604 486 664 grata
499 597 611 664 sororis,
623 597 700 650 eris.''
839 597 874 648 80

72 679 154 731 Talia
166 679 396 747 dicenti—neque
409 678 484 730 enim
498 694 562 747 spes
574 680 663 731 altera
675 687 796 730 restat-

109 760 241 828 Credidit,
254 775 360 813 errores
374 761 556 830 exposuitque
569 777 642 814 suos.

73 845 168 912 thue
181 843 295 896 domum
308 842 421 895 intravit
435 844 534 910 Tyrios
548 843 646 896 induta
660 848 781 911 paratus,

108 925 210 993 Incipit
223 926 459 978 AEneas-cetera
471 925 552 979 turba
565 926 662 979 silet-

69 1009 86 1034 ⁴‘
94 1009 177 1060 Hanc
186 1007 236 1084 tibi
245 1024 293 1060 cur
302 1005 420 1074 tradam,
430 1006 477 1076 pia
484 1023 577 1073 causa,
588 1006 703 1060 Lavinia
711 1007 819 1075 conjux,
834 1009 849 1060 8
854 1021 878 1076 ςἲ

109 1090 161 1144 Est
174 1090 243 1142 mihi
256 1107 262 1142 :
282 1090 442 1158 consumpsi
456 1090 607 1158 naufragus
619 1089 701 1158 hujus
714 1105 789 1158 opes

71 1174 142 1226 Orta
154 1174 229 1240 Tyro
241 1180 292 1238 est,
305 1187 422 1240 regnum
435 1171 541 1239 Libyca
553 1171 677 1240 possedit
689 1171 718 1223 in
732 1177 798 1225 ora:

107 1254 200 1321 Quam
213 1267 310 1320 precor
322 1263 352 1306 ut
365 1268 438 1305 carae
449 1269 527 1306 more
540 1254 641 1306 sororis
654 1252 755 1305 ames.’'

72 1335 176 1388 Omnia
187 1334 324 1403 promittit
337 1334 493 1404 falsumque
506 1335 624 1388 Lavinia
635 1335 736 1389 vulnus

106 1418 203 1470 Mente
215 1416 315 1485 premit
328 1417 421 1483 tacita,
435 1415 648 1486 dissimulatque
659 1416 787 1470 fremens.
836 1432 872 1484 90

70 1500 210 1568 Donaque
221 1515 307 1568 quum
320 1499 414 1552 videat
427 1508 526 1566 praeter
538 1516 589 1552 sua
601 1499 707 1553 lumina
718 1498 782 1565 ferri
867 1522 872 1569 χ

105 1581 197 1634 Multa
208 1582 311 1650 palam,
324 1580 396 1634 mitti
410 1580 483 1632 clam
496 1596 606 1651 quoque
619 1581 707 1647 multa
719 1589 805 1648 putat.

69 1664 136 1716 Non
148 1662 234 1716 habet
246 1671 374 1726 exactum
386 1661 454 1731 quid
468 1671 550 1730 agat:
571 1661 704 1729 furialiter
717 1662 784 1728 odit,

104 1745 142 1799 Et
155 1754 234 1814 parat
247 1742 370 1812 insidias,
384 1752 411 1797 et
424 1743 499 1813 cupit
511 1744 570 1798 ulta
581 1745 658 1799 mori.

68 1912 134 1964 Nox
146 1920 212 1964 erat.
249 1912 323 1964 Ante
335 1920 426 1964 torum
439 1910 499 1962 visa
511 1919 553 1964 est
565 1919 657 1964 astare
669 1911 771 1963 sororis
835 1922 868 1977 95

104 1993 248 2068 Squalenti
264 1993 339 2045 Dido
353 1992 567 2058 sanguinolenta
580 1997 670 2059 corna,

67 2077 106 2129 Et
125 2076 141 2105 ‘⁶
150 2076 235 2144 Fuge,
254 2091 290 2128 ne
309 2074 414 2142 dubita,
433 2082 563 2127 maestum
582 2075 669 2142 suge''
688 2074 779 2128 dicere
790 2073 806 2101 “
814 2083 870 2128 tec-

138 2158 221 2211 tum.''
717 2166 728 2224 J

104 2242 163 2295 Sub
175 2241 289 2295 verbum
303 2242 431 2310 querulas
445 2242 553 2309 impulit
567 2259 634 2294 aura
646 2240 727 2295 fores.

67 2322 176 2389 Exsilit‚
190 2333 216 2375 et
230 2323 309 2375 velox
322 2322 420 2375 humili
434 2340 516 2392 super
528 2340 595 2375 arva
607 2321 728 2377 fenestra

103 2406 140 2459 Se
149 2405 218 2474 jacit
231 2424 237 2457 z
257 2405 394 2459 audacem
406 2405 509 2458 fecerat
522 2406 582 2473 ipse
594 2405 685 2458 timor.
820 2422 870 2460 100

68 2485 185 2556 Quisque
197 2497 272 2540 metu
286 2488 399 2556 rapitur,
412 2489 507 2540 tunica
520 2487 611 2542 velata
623 2487 745 2540 recincta

102 2569 202 2634 Currit,
215 2579 245 2623 ut
258 2569 360 2623 auditis
372 2571 467 2623 territa
479 2570 564 2622 dama
575 2571 656 2639 lupis.

68 2652 202 2720 Corniger
214 2652 287 2704 hanc
301 2653 408 2721 cupidis
422 2653 547 2719 rapuisse
561 2653 708 2706 Numicius
721 2653 803 2707 undis

103 2734 239 2800 Creditur,
252 2744 279 2787 et
293 2736 400 2803 stagnis
414 2736 573 2799 occuluisse
584 2737 655 2791 suis.

57 2817 174 2870 Sidonis
186 2816 296 2873 interea
308 2836 419 2892 magno
434 2822 566 2877 clamore
577 2838 630 2892 per
644 2833 738 2888 agros
856 2815 917 2861 mg

85 2896 248 2964 Quaeritur:
269 2918 421 2978 apparent
436 2907 529 2978 signa
539 2916 690 2967 notaedue
699 2895 843 2969 pedum*-
