1964 3158
80 164 110 214 ¹4
284 148 346 202 EX
364 147 496 201 OVIDII
515 147 674 204 FASTIS.

111 291 202 359 Seque
216 290 288 343 levat
302 304 377 355 saxo,
390 289 622 358 subsequiturque
632 306 740 346 senem
840 311 891 350 110

76 374 141 425 Dux
154 370 247 425 comiti
261 380 362 437 narrat,
376 367 460 439 qutun
473 369 508 423 sit
521 370 575 424 sibi
588 369 660 425 filius
673 388 762 442 aeger,

112 454 172 506 Nec
183 453 276 522 capiat
288 468 403 506 somnos
416 452 595 522 invigiletque
606 455 698 507 malis.

77 536 127 590 llla
141 535 333 603 soporiferum,
346 550 446 602 parvos
460 533 561 588 initura
575 535 702 603 Penates,

109 617 222 686 Colligit
234 617 335 685 agresti
349 617 410 670 lene
423 632 546 684 papaver
557 616 650 670 humo.

75 702 150 754 Dum
163 699 238 768 legit,
251 699 338 753 oblito
350 698 435 753 fertur
448 698 573 766 gustasse
587 699 690 768 palato,
833 719 885 775 115

109 785 290 852 Longumque
304 781 465 850 imprudens
479 781 632 835 exsoluisse
643 782 758 837 samem

73 867 144 934 Quae
157 867 223 935 quia
235 864 371 935 principio
384 863 477 932 posuit
485 863 592 931 jejunia
601 865 700 931 noctis,

107 950 232 1018 Tempus
241 947 346 1000 habent
359 955 459 1015 mystae
471 946 565 999 sidera
576 947 636 999 visa
648 947 712 1000 cibi.

74 1029 172 1084 Limen
186 1042 215 1084 ut
230 1030 349 1095 intravit,
362 1029 452 1082 luctus
465 1028 540 1081 videt
554 1027 648 1081 omnia
661 1031 745 1097 plena

105 1112 170 1180 Jam
183 1127 247 1179 spes
261 1111 288 1162 in
302 1127 387 1178 puero
400 1110 476 1162 nulla
489 1109 585 1163 salutis
598 1120 664 1163 erat.
828 1131 881 1168 120

72 1194 164 1247 Matre
178 1193 423 1247 salutata-mater
436 1193 575 1246 Metanira
586 1202 736 1247 vocatur-

106 1278 226 1345 jungere
238 1275 354 1344 dignata
366 1285 408 1328 est
421 1291 452 1328 os
465 1275 568 1344 puerile
582 1292 640 1329 suo.

72 1359 164 1413 Pallor
174 1358 241 1425 abit,
255 1358 416 1427 subitasque
429 1357 524 1411 vident
536 1359 565 1411 in
578 1374 694 1427 corpore
706 1359 788 1414 vires.

105 1442 214 1494 Tantus
226 1440 331 1494 coelesti
345 1440 419 1492 venit
432 1440 468 1492 ab
478 1455 525 1493 ore
536 1440 621 1508 vigor.

70 1525 144 1576 Tota
166 1524 265 1577 domus
290 1521 355 1575 laeta
375 1530 417 1575 est
429 1541 437 1586 ;
462 1521 516 1574 hoc
538 1533 589 1588 est,
612 1532 756 1593 materque
778 1536 873 1594 pater·

140 1624 194 1675 que
821 1624 851 1662 12
856 1623 871 1678 5

107 1690 239 1758 Nataque
252 1709 259 1754 ;
279 1696 334 1741 tres
348 1685 386 1740 illi
401 1695 459 1739 tota
471 1686 548 1740 suere
560 1686 669 1741 domus.

71 1770 138 1823 Mox
151 1771 247 1837 epulas
260 1778 376 1837 ponunt,
388 1768 537 1836 liquefacta
550 1770 668 1837 coagula
681 1771 753 1823 lacte

105 1852 248 1918 Pomaque
259 1859 287 1902 et
300 1851 328 1902 in
342 1849 412 1902 ceris
426 1865 510 1902 aurea
522 1851 606 1903 mella
618 1851 683 1905 suis.

67 1932 198 1986 Abstinet
211 1930 285 1983 alma
299 1930 391 1996 Ceres,
404 1931 550 2000 somnique
562 1948 702 2001 papavera
713 1951 814 1988 causas

104 2015 162 2066 Dat
175 2011 224 2064 tibi
239 2027 302 2064 cum
315 2009 411 2078 tepido
423 2011 496 2064 laete
508 2013 639 2080 bibenda,
653 2031 728 2083 puer.
818 2032 869 2085 130

68 2093 168 2147 Noctis
182 2102 241 2145 erat
253 2092 385 2158 medium,
399 2091 558 2162 placidique
572 2095 682 2149 silentia
695 2096 787 2150 somni
802 2117 808 2151 :

101 2175 304 2244 Triptolemum
316 2175 422 2243 gremio
436 2176 546 2229 sustulit
560 2177 607 2229 illa
620 2194 679 2244 suo,

66 2261 176 2329 Terque
189 2274 274 2311 manu
288 2258 432 2326 permulsit
441 2272 512 2321 eum,
526 2258 579 2310 tria
592 2260 717 2312 carmina
727 2260 804 2327 dixit,

101 2341 234 2394 Carmina
246 2337 356 2412 mortali
370 2355 425 2390 non
440 2336 584 2391 reserenda
597 2355 675 2407 sono,

67 2422 155 2492 lnque
169 2422 231 2475 loco
246 2436 345 2488 corpus
359 2419 436 2487 pueri
450 2419 560 2472 vivente
573 2419 668 2473 favilla
816 2437 863 2490 135

101 2504 209 2569 Obruit,
223 2503 377 2556 humanum
390 2509 488 2567 purget
501 2508 530 2551 ut
544 2500 615 2567 ignis
628 2517 705 2555 onus.

65 2585 211 2641 Excutitur
224 2599 323 2636 somno
336 2579 419 2633 stulte
432 2580 478 2646 pia
490 2589 587 2646 mater,
601 2591 628 2634 et
641 2599 739 2636 amens

98 2667 113 2692 “
122 2667 196 2735 Quid
206 2663 314 2716 sacis?”
322 2661 468 2722 exclamat,
476 2660 656 2730 membraque
665 2665 701 2716 ab
710 2666 773 2732 igne
782 2668 859 2735 rapit.

64 2746 114 2800 Cui
129 2750 182 2802 dea
196 2746 211 2772 “
224 2746 301 2796 Dum
314 2757 370 2794 non
383 2740 438 2806 es,'’
451 2739 527 2806 dixit,
541 2740 557 2766 “
566 2743 701 2798 scelerata
712 2745 789 2801 fuisti
800 2767 808 2811 3
